4416 3322
80 573 296 146 general

445 346 1670 155 que la donchs los Collidors del dit dret / Los hagues

454 456 1575 141 sen spatxar / segons haguessen spatxat al dret del /

434 556 1603 141 General aduerant ho ab sagrament hauer spetxat

445 656 853 130 axicom diran dlgeneral/

465 830 1581 136 Item ordenaran que los Collidors del dit dret de

442 955 1598 127 ciauant hagen hatenir un libre sparç enlo qual ha/

456 1054 1567 119 gen hadesignar efernotament/ de totes les penyores/

448 1146 1589 157 que pendran per raho del dit dret axicom ses pen/

454 1270 1140 130 dran ⁊encara com les desliuraran

481 1481 1570 149 Item ordenaran que si algu/ o alguns deciauãt

467 1600 1606 124 donaran Penyores per les Robes/ e mercaderies que

490 1699 1619 125 spatxar uolran quells dits Collidors haian encautar

478 1807 1648 119 los dits spatxants que entot cas hauran ha manifestar

476 1910 1658 130 espatxar migensant sagrament/ Segons haurian spat

434 2001 1636 133 xat al dit General/ Les Robes emercaderies per/

478 2115 1573 132 les quals hauran donades penyores / ⁊ que defet los

476 2222 1594 133 dits Collidors hagen hapendra bestants penyõrs

481 2330 1592 125 per la dita raho/ ⁊que no pugan delliauant spet

467 2425 1592 188 xar/ aquelles robes emercaderies Sino migençant

473 2546 626 158 Lo dit sagrament/

138 1993 271 155 general

2225 301 1670 136 Item ordenaran que sian fets depresent Manamẽts

2223 398 1625 141 perlos uerguers dels dits Consols atots los Barquers

2214 495 1603 141 dela Ribera que deciauãt No gossenen alguna mane/

2223 597 1572 133 ra Trestegar/ Ni fer trestegar robes/ o mercaderies/

2212 692 1630 155 algunes de una fusta en altre sens albera dels Collidors

2212 791 440 122 del dit dret/

2209 957 1642 147 Item ordenaran que les Guardes del dit dret hagẽ

2203 1079 1639 122 de present fer eprestar/ sagrament e homanatge en uir

2201 1171 1633 127 tut del qual/ Prometten denunciar als Collidors d̃l

2201 1267 1625 133 dit dret/ e als Deffenadors dela mercaderia dins un

2203 1378 1609 130 torn apres que sabrian algu/ o alguns dels dits Bar

2203 1489 1603 127 quers hauer fets los dits trestegaments de robes e/

2203 1586 1595 146 m̃caderies/ ⁊aximateix prometten que si prenian

2203 1694 1592 144 penyores per algunes robes/ emercaderies que fossen/

2178 1796 1667 152 amar/ quinos porian spatxar aquella hora/ Perque

2195 1910 1634 135 seria festa/ o tal hora quela taula del dit dret nos tin

2192 2004 1634 152 dria. Que aquelles penyores lo dia apres uinent ques

2203 2098 1620 152 tindra la dita Taula hagẽ haliurar/ als Collidors

2231 2222 1595 128 del dit dret/ Les quals Guardes. empero tant/

2217 2317 1623 132 com los Collidors del dit dret tindran la taula No

2220 2422 1614 169 puxan Pendra penyores/ Ans hagen haremetre
