4416 3322
2228 307 1617 180 Dimecres A xvij de Juliol del any dela

2242 434 1647 130 Natiuitat de nostre senyor Mil Quatrecẽts

2242 512 1595 130 Quaranta tres Los honõr mossen fran-

2234 592 1606 124 cesch Carbo ⁊Anthom puiada mercader

2231 664 1614 136 Cuitedans de Barcelona. Consols en lo dit

2231 750 1570 138 any dela mar dela dita Ciutat Ab proho

2237 833 1592 135 mens del Consell de vint feran les Ordina

2237 924 1592 141 tions deiꝯ insertes / per donar directio a la

2234 996 1589 175 Collecta del dret del periatge / Les quals

2242 1082 847 177 son del tenor seguent /

2212 1366 1564 162 Los honõr Consols de la mar de Barcelona ab /

2223 1492 1553 121 consell de vint / volents donar directio a la collecta /

2212 1577 1556 117 del dret del periatge / eremoure molts abussos quis

2217 1655 1551 133 fan / perlos quals lo dit dret es preiudicat / fan les /

2220 1746 747 122 ordinacions seguents /

2223 1921 1561 141 Eprimerament Prouehiran e ordenaran / Que

2239 2018 1520 113 deciauant / ab dossos Los Collidors del dit dret hagẽ

2248 2103 1564 106 esser / personalment enla taula on lo dit dret se cull

2237 2181 1520 108 os cullira en sdeuanidor perlo mati / La hora quells /

2228 2258 1576 103 Collidors deldret del General hi acostuman de va

2237 2336 1520 125 nir ⟦ ⟧ pochabans / opoch pus tard ⁊ haran ablz

2231 2413 1495 128 dos ensemps / aquj star tant com los Collidors del

2248 2502 1470 158 dit dret del General hi staran ⁊ aximateix al

3106 177 659 135 Espagnol 548

2336 2682 493 136 R.D. 9620

3773 2328 396 116 Aquesta ordinacio

3751 2402 401 81 fou habilitada/ a

3743 2452 404 97 xxviiij deabril /

3765 2502 354 119 M.CCCCLXXXX
