<?xml version="1.0" encoding="UTF-8"?>
<alto xmlns:xsi="http://www.w3.org/2001/XMLSchema-instance"
      xmlns="http://www.loc.gov/standards/alto/ns-v4#"
      xsi:schemaLocation="http://www.loc.gov/standards/alto/ns-v4# http://www.loc.gov/standards/alto/v4/alto-4-2.xsd">
  <Description>
    <MeasurementUnit>pixel</MeasurementUnit>
    <sourceImageInformation>
      <fileName>2.jpg</fileName>
      
    </sourceImageInformation>
  </Description>
  
  <Tags>
    <OtherTag ID="BT8200" LABEL="DamageZone" DESCRIPTION="block type DamageZone"/><OtherTag ID="BT8202" LABEL="DigitizationArtefactZone" DESCRIPTION="block type DigitizationArtefactZone"/><OtherTag ID="BT8203" LABEL="DropCapitalZone" DESCRIPTION="block type DropCapitalZone"/><OtherTag ID="BT8204" LABEL="MainZone" DESCRIPTION="block type MainZone"/><OtherTag ID="BT8205" LABEL="MarginTextZone" DESCRIPTION="block type MarginTextZone"/><OtherTag ID="BT8206" LABEL="MusicZone" DESCRIPTION="block type MusicZone"/><OtherTag ID="BT8207" LABEL="NumberingZone" DESCRIPTION="block type NumberingZone"/><OtherTag ID="BT8208" LABEL="QuireMarksZone" DESCRIPTION="block type QuireMarksZone"/><OtherTag ID="BT8209" LABEL="RunningTitleZone" DESCRIPTION="block type RunningTitleZone"/><OtherTag ID="BT8210" LABEL="SealZone" DESCRIPTION="block type SealZone"/><OtherTag ID="BT8211" LABEL="StampZone" DESCRIPTION="block type StampZone"/><OtherTag ID="BT8212" LABEL="TableZone" DESCRIPTION="block type TableZone"/><OtherTag ID="BT8213" LABEL="TitlePageZone" DESCRIPTION="block type TitlePageZone"/><OtherTag ID="BT8253" LABEL="text" DESCRIPTION="block type text"/>
    <OtherTag ID="LT2776" LABEL="DefaultLine" DESCRIPTION="line type DefaultLine"/><OtherTag ID="LT2777" LABEL="DropCapitalLine" DESCRIPTION="line type DropCapitalLine"/><OtherTag ID="LT2778" LABEL="HeadingLine" DESCRIPTION="line type HeadingLine"/><OtherTag ID="LT2779" LABEL="InterlinearLine" DESCRIPTION="line type InterlinearLine"/><OtherTag ID="LT2813" LABEL="default" DESCRIPTION="line type default"/>
  </Tags>
  
  <Layout>
    <Page WIDTH="3576"
          HEIGHT="4711"
          PHYSICAL_IMG_NR="1"
          ID="eSc_dummypage_">
      <PrintSpace HPOS="0"
                  VPOS="0"
                  WIDTH="3576"
                  HEIGHT="4711">
        
        <TextBlock HPOS="408"
                   VPOS="617"
                   WIDTH="2937"
                   HEIGHT="3306"
                   ID="eSc_textblock_c5cab6a6"
                   TAGREFS="BT8204">
          <Shape><Polygon POINTS="1890 617 2018 690 3324 722 3272 1724 3324 1905 3293 2311 3345 2530 3251 2627 3251 2803 3261 2897 3324 2962 3314 3263 3345 3326 3293 3517 3282 3860 2068 3923 544 3902 502 3870 460 3255 408 3179 460 3043 450 722 492 690 1494 670 1733 617"/></Shape>
          
          
          <TextLine ID="eSc_line_0443df57"
                    TAGREFS="LT2776"
                    BASELINE="462 756 3355 777" 
                    HPOS="455"
                    VPOS="675"
                    WIDTH="2897"
                    HEIGHT="153">
            <Shape><Polygon POINTS="3289 718 3249 718 3210 718 3171 718 3131 714 3092 714 3053 714 3014 714 2974 710 2962 710 2959 710 2955 710 2935 710 2896 710 2856 710 2817 706 2805 706 2790 710 2778 710 2762 710 2746 706 2738 706 2699 706 2660 702 2621 702 2581 702 2542 702 2503 698 2463 698 2424 698 2385 698 2346 698 2306 694 2267 694 2220 706 2208 706 2204 706 2180 690 2149 690 2110 690 2070 690 2067 690 1988 702 1980 702 1972 702 1748 679 1744 679 1740 679 1666 702 1662 702 1654 702 1571 675 1567 675 1347 675 1343 675 1340 675 1336 675 1300 698 1292 698 1123 679 1119 679 1116 679 1112 679 1088 698 1084 698 573 698 569 694 558 687 538 687 499 687 459 714 459 753 455 793 950 812 954 812 958 812 1009 796 1033 789 1045 796 1072 816 1076 816 1080 816 1084 820 1548 820 1548 816 1552 816 1599 796 1615 793 1725 793 1729 796 1756 820 1760 820 1764 820 1768 820 1772 820 1846 796 1858 796 1913 800 2208 816 2212 816 2216 816 2243 800 2275 824 2279 824 2283 824 2287 824 2475 804 2546 824 2550 824 2554 824 2558 824 2605 800 2621 800 2919 828 2923 828 3037 804 3348 804 3352 773 3348 714 3289 706 3289 718"/></Shape>
	    <String CONTENT="ponjendo el tyempo en q̃ cada Rey Reyno y qͣntos años biujo Rey y de q̃ muẻte murio y en q̃lugar"
                    HPOS="455"
                    VPOS="675"
                    WIDTH="2897"
                    HEIGHT="153"></String>
          </TextLine>

          
          
          <TextLine ID="eSc_line_35a6c966"
                    TAGREFS="LT2776"
                    BASELINE="462 853 2369 850 3237 861" 
                    HPOS="455"
                    VPOS="777"
                    WIDTH="2779"
                    HEIGHT="122">
            <Shape><Polygon POINTS="459 851 455 891 1210 899 1214 899 1218 899 1257 887 1292 879 1379 887 1508 899 1512 899 1516 899 1520 899 1540 887 1556 879 1788 879 1795 883 1815 899 1819 899 1823 899 1827 899 2035 883 2094 879 2102 883 2141 899 2145 899 2149 899 2153 899 2200 883 2208 879 2220 883 2302 899 2306 899 2511 879 2530 879 2542 879 2668 899 2672 899 2790 879 2793 879 2797 879 3190 899 3194 899 3198 899 3202 899 3230 875 3234 859 3234 800 3147 777 3143 777 3139 777 2998 796 2990 796 2982 796 2892 777 2888 777 2797 796 2782 796 2613 793 1937 777 1933 777 1650 785 1296 796 1237 781 1214 777 1210 777 1206 777 1159 781 1033 796 844 777 809 777 805 777 778 777 573 796 459 777 459 851"/></Shape>
	    <String CONTENT="fue se pultado haziendo asj mismo memoria d̃las cosas señaladas dignas delo or /o de Re"
                    HPOS="455"
                    VPOS="777"
                    WIDTH="2779"
                    HEIGHT="122"></String>
          </TextLine>

          
          
          <TextLine ID="eSc_line_26dc5e37"
                    TAGREFS="LT2776"
                    BASELINE="462 944 1806 936 3321 950" 
                    HPOS="459"
                    VPOS="863"
                    WIDTH="2861"
                    HEIGHT="130">
            <Shape><Polygon POINTS="459 942 459 977 1092 965 1104 977 1112 981 1112 985 1116 985 1119 985 1123 985 1178 977 1222 969 1296 977 1442 989 1446 989 1450 989 1485 973 1501 969 1540 973 1634 989 1638 989 1642 989 1677 973 1685 969 1689 973 1705 989 1709 989 1713 989 1717 993 1878 993 1878 989 1882 989 1937 973 1953 969 1960 973 1984 989 1988 989 1992 989 1996 993 2389 993 2389 989 2393 989 2397 989 2416 969 2420 969 3021 969 3025 969 3120 989 3124 989 3316 965 3320 946 3316 887 1127 887 1123 883 1104 863 1100 863 1096 863 1092 863 459 879 459 942"/></Shape>
	    <String CONTENT="pre hensjon q̃ cada vno de aq̃llos Reys en sus dias hizo sjgujendo çerca de to do ello su la fe d̃los"
                    HPOS="459"
                    VPOS="863"
                    WIDTH="2861"
                    HEIGHT="130"></String>
          </TextLine>

          
          
          <TextLine ID="eSc_line_24e9e874"
                    TAGREFS="LT2776"
                    BASELINE="462 1018 3308 1028" 
                    HPOS="455"
                    VPOS="953"
                    WIDTH="2849"
                    HEIGHT="122">
            <Shape><Polygon POINTS="459 1016 455 1040 569 1063 573 1063 1037 1048 1080 1067 1084 1067 1088 1071 1269 1071 1269 1067 1273 1067 1277 1067 1304 1048 1740 1067 1744 1067 1866 1048 1890 1067 1890 1071 1894 1071 1898 1071 1901 1075 2546 1075 2546 1071 2550 1071 2609 1052 3241 1071 3245 1071 3249 1071 3300 1048 3304 1024 3300 969 459 953 459 1016"/></Shape>
	    <String CONTENT="mas verdaderos coronistas /y esto con mucha breuedat escusando los corralarios Razona"
                    HPOS="455"
                    VPOS="953"
                    WIDTH="2849"
                    HEIGHT="122"></String>
          </TextLine>

          
          
          <TextLine ID="eSc_line_9021441e"
                    TAGREFS="LT2776"
                    BASELINE="462 1099 2332 1114 3334 1104" 
                    HPOS="455"
                    VPOS="1024"
                    WIDTH="2877"
                    HEIGHT="141">
            <Shape><Polygon POINTS="459 1095 455 1130 990 1158 994 1158 1677 1142 1736 1162 1740 1162 1744 1165 2279 1165 2279 1162 2283 1162 2346 1142 2511 1165 2514 1165 3328 1142 3332 1103 3324 1048 868 1048 864 1044 825 1024 821 1024 817 1024 459 1040 459 1095"/></Shape>
	    <String CONTENT="mjentos /Et otras proljxidad̃s Re contamjẽtos ynvtiles q̃ escrjujerõ y hingierõ muchos ygran"
                    HPOS="455"
                    VPOS="1024"
                    WIDTH="2877"
                    HEIGHT="141"></String>
          </TextLine>

          
          
          <TextLine ID="eSc_line_430359ad"
                    TAGREFS="LT2776"
                    BASELINE="462 1198 3227 1198" 
                    HPOS="459"
                    VPOS="1138"
                    WIDTH="2767"
                    HEIGHT="114">
            <Shape><Polygon POINTS="459 1197 459 1228 907 1228 939 1248 943 1248 947 1248 950 1248 1104 1228 1422 1248 1426 1252 2051 1252 2051 1248 2055 1248 2059 1248 2086 1228 2110 1248 2114 1248 2118 1248 2122 1248 2224 1228 2346 1248 2349 1252 3053 1252 3053 1248 3226 1224 3226 1197 3222 1138 459 1138 459 1197"/></Shape>
	    <String CONTENT="d̃s bulumjñs de ljbros / mas yo sola mẽt las cosas arduas señalare /Et las cõ clusjoñs"
                    HPOS="459"
                    VPOS="1138"
                    WIDTH="2767"
                    HEIGHT="114"></String>
          </TextLine>

          
          
          <TextLine ID="eSc_line_4533f0f3"
                    TAGREFS="LT2776"
                    BASELINE="462 1279 2507 1290 3284 1271" 
                    HPOS="459"
                    VPOS="1201"
                    WIDTH="2822"
                    HEIGHT="141">
            <Shape><Polygon POINTS="1033 1201 1029 1201 1017 1205 966 1220 459 1205 459 1275 459 1307 561 1307 601 1334 605 1334 609 1334 613 1334 1119 1307 1127 1307 1163 1334 1163 1338 1167 1338 1171 1338 1174 1338 1343 1315 1508 1338 1512 1338 1516 1338 1575 1311 1646 1338 1650 1338 1654 1342 2196 1342 2196 1338 2393 1315 2432 1338 2436 1338 2440 1338 2444 1338 2570 1319 2711 1338 2715 1338 2719 1338 2829 1311 2927 1338 2931 1338 2935 1338 2939 1338 2943 1338 2986 1311 3277 1311 3281 1268 3269 1213 1237 1224 1210 1205 1206 1205 1202 1205 1198 1205 1194 1205 1190 1205 1143 1224 1061 1205 1037 1201 1033 1201"/></Shape>
	    <String CONTENT="d̃los fechos breue mẽt Recontare por tal q̃ el deseo de saber las cosas pasadas q̃ los nobles"
                    HPOS="459"
                    VPOS="1201"
                    WIDTH="2822"
                    HEIGHT="141"></String>
          </TextLine>

          
          
          <TextLine ID="eSc_line_a66149e0"
                    TAGREFS="LT2776"
                    BASELINE="462 1376 3290 1371" 
                    HPOS="455"
                    VPOS="1295"
                    WIDTH="2834"
                    HEIGHT="134">
            <Shape><Polygon POINTS="459 1374 459 1405 561 1425 565 1425 569 1425 573 1425 601 1405 613 1401 624 1405 668 1425 671 1425 675 1425 679 1425 715 1405 730 1401 954 1401 994 1405 1131 1425 1135 1425 1139 1425 1194 1405 1206 1401 1218 1405 1273 1425 1277 1425 1281 1425 1414 1405 1442 1401 1446 1405 1477 1425 1481 1425 1485 1425 1489 1425 1493 1425 1564 1405 1575 1401 1587 1405 1658 1425 1662 1425 1666 1425 1831 1401 1854 1401 1862 1401 1909 1425 1913 1425 1917 1429 2192 1429 2192 1425 2196 1425 2255 1401 2279 1425 2283 1425 2287 1425 2290 1425 2294 1425 2298 1425 2326 1405 2389 1425 2393 1425 2397 1429 3033 1429 3033 1425 3285 1397 3289 1370 3281 1319 3171 1295 3167 1295 2923 1315 2821 1295 2817 1295 2723 1319 1788 1319 1744 1295 1740 1295 1736 1295 1642 1315 1524 1295 1520 1295 1516 1295 1438 1319 1009 1319 734 1295 730 1295 620 1315 510 1295 506 1295 502 1295 455 1311 459 1374"/></Shape>
	    <String CONTENT="prinçip̃s deuẽ tener no se pierdan por las lảgas escrituras /Et cansançio q̃ ay en leer las"
                    HPOS="455"
                    VPOS="1295"
                    WIDTH="2834"
                    HEIGHT="134"></String>
          </TextLine>

          
          
          <TextLine ID="eSc_line_aa84fa6c"
                    TAGREFS="LT2776"
                    BASELINE="462 1457 3308 1465" 
                    HPOS="459"
                    VPOS="1381"
                    WIDTH="2845"
                    HEIGHT="142">
            <Shape><Polygon POINTS="3289 1409 3281 1401 3214 1385 3210 1385 3206 1385 2998 1405 2994 1409 2566 1409 2562 1405 2491 1385 2487 1385 2483 1385 2479 1385 2412 1405 2404 1405 2401 1405 2310 1385 2306 1385 2302 1385 2243 1405 2235 1409 1882 1409 1854 1405 1689 1381 1685 1381 1681 1381 1677 1381 1654 1401 1583 1381 1579 1381 1575 1381 1469 1401 1446 1381 1442 1381 1438 1381 1434 1381 1312 1401 1304 1401 1300 1401 1163 1381 1159 1381 1155 1381 1151 1381 1127 1401 1104 1381 1100 1381 1096 1381 1092 1381 459 1397 459 1456 459 1507 656 1491 675 1507 683 1515 687 1515 691 1515 695 1519 868 1519 868 1515 872 1515 876 1515 884 1507 903 1491 1017 1491 1057 1507 1080 1515 1084 1515 1088 1515 1135 1503 1194 1491 1229 1503 1257 1515 1261 1515 1265 1515 1269 1515 1273 1515 1285 1503 1304 1491 1461 1491 1540 1503 1619 1515 1622 1515 1827 1499 1925 1495 1945 1499 2000 1519 2004 1519 2008 1523 2220 1523 2220 1519 2224 1519 2228 1519 2247 1499 2255 1495 2314 1499 2613 1519 2617 1519 2621 1519 2676 1495 2680 1495 2699 1495 2872 1515 2876 1515 3120 1495 3198 1519 3202 1519 3206 1519 3210 1519 3300 1491 3304 1464 3304 1409 3289 1401 3289 1409"/></Shape>
	    <String CONTENT="y por q̃ segũd mj poco saber antẽ ylustrjsjmo yngenjo de vr̃a alteza no me podre escusả"
                    HPOS="459"
                    VPOS="1381"
                    WIDTH="2845"
                    HEIGHT="142"></String>
          </TextLine>

          
          
          <TextLine ID="eSc_line_957ae3f2"
                    TAGREFS="LT2776"
                    BASELINE="462 1554 3245 1546" 
                    HPOS="455"
                    VPOS="1480"
                    WIDTH="2786"
                    HEIGHT="133">
            <Shape><Polygon POINTS="459 1550 459 1589 746 1589 754 1593 778 1613 782 1613 785 1613 789 1613 793 1613 840 1593 860 1586 1285 1586 1312 1593 1363 1613 1367 1613 1371 1613 1583 1593 1658 1589 1799 1593 2098 1609 2102 1609 2180 1597 2263 1582 2290 1597 2314 1609 2318 1609 2322 1609 2393 1597 2475 1582 2566 1597 2636 1609 2640 1609 2888 1605 2892 1605 2896 1605 2904 1597 2931 1582 3029 1582 3065 1597 3084 1609 3088 1609 3092 1609 3238 1597 3241 1542 3234 1491 487 1480 483 1480 479 1480 475 1480 455 1491 459 1550"/></Shape>
	    <String CONTENT="enesta peq̃na /obra de yerro suplico a vr̃a Real magestad cõ su cle mençia lo perdone /Et"
                    HPOS="455"
                    VPOS="1480"
                    WIDTH="2786"
                    HEIGHT="133"></String>
          </TextLine>

          
          
          <TextLine ID="eSc_line_a3d24925"
                    TAGREFS="LT2776"
                    BASELINE="462 1647 1405 1633" 
                    HPOS="455"
                    VPOS="1550"
                    WIDTH="947"
                    HEIGHT="181">
            <Shape><Polygon POINTS="1072 1550 990 1570 954 1578 915 1566 864 1554 860 1554 856 1554 852 1554 821 1566 785 1582 774 1566 762 1558 762 1554 758 1554 754 1554 750 1554 746 1554 707 1566 620 1586 455 1562 459 1644 459 1684 573 1711 577 1711 581 1711 585 1711 624 1680 628 1680 683 1707 687 1707 691 1707 695 1707 699 1707 699 1703 726 1680 730 1676 880 1676 884 1676 950 1727 954 1727 958 1727 962 1731 1163 1731 1163 1727 1304 1723 1308 1723 1312 1723 1402 1664 1402 1629 1395 1578 1076 1550 1072 1550"/></Shape>
	    <String CONTENT="cõ su saber lo enmjende/."
                    HPOS="455"
                    VPOS="1550"
                    WIDTH="947"
                    HEIGHT="181"></String>
          </TextLine>

          
          
          <TextLine ID="eSc_line_bfd33f48"
                    TAGREFS="LT2776"
                    BASELINE="496 1881 1704 1847 3292 1832" 
                    HPOS="491"
                    VPOS="1727"
                    WIDTH="2798"
                    HEIGHT="196">
            <Shape><Polygon POINTS="3281 1786 3273 1754 3057 1731 3053 1731 3049 1731 2982 1754 2884 1727 2880 1727 2876 1727 2872 1727 2801 1754 2652 1735 2648 1735 2644 1735 2597 1758 2581 1766 2570 1758 2546 1739 2542 1739 2538 1739 2412 1735 2408 1735 2404 1735 2357 1758 2326 1778 2023 1778 1996 1758 1984 1750 1980 1750 1976 1750 1972 1750 1968 1750 1964 1750 1953 1758 1921 1782 1622 1786 1540 1762 1501 1750 1497 1750 1493 1750 1489 1750 1461 1762 1395 1794 903 1798 821 1762 817 1762 813 1762 809 1762 491 1762 495 1880 495 1900 561 1923 565 1923 569 1923 947 1919 950 1919 954 1919 994 1892 1002 1892 1182 1915 1186 1915 1359 1888 1406 1911 1410 1911 1414 1911 1418 1911 1485 1884 1489 1884 1611 1900 1615 1900 1619 1900 1693 1880 1697 1880 1819 1904 1823 1904 1827 1904 1882 1876 1890 1876 2102 1900 2106 1900 2110 1900 2114 1900 2153 1872 2322 1896 2326 1896 2330 1896 2424 1868 2554 1892 2558 1892 2562 1892 2566 1892 2566 1888 2581 1872 2613 1888 2617 1888 2621 1888 2837 1860 3155 1880 3159 1880 3285 1849 3289 1829 3285 1805 3281 1786"/></Shape>
	    <String CONTENT="Segũd fe d̃la Santa escritura y d̃los q̃ las cosas antyguas escriujerõ pasado el diluujo los tr̃s"
                    HPOS="491"
                    VPOS="1727"
                    WIDTH="2798"
                    HEIGHT="196"></String>
          </TextLine>

          
          
          <TextLine ID="eSc_line_c3991c24"
                    TAGREFS="LT2776"
                    BASELINE="493 1976 1892 1936 2976 1921 3342 1928" 
                    HPOS="487"
                    VPOS="1837"
                    WIDTH="2853"
                    HEIGHT="169">
            <Shape><Polygon POINTS="3316 1880 3293 1852 2907 1837 2904 1837 2778 1864 2585 1845 2581 1845 2577 1845 2522 1872 2432 1849 2428 1849 2424 1849 2290 1876 2287 1876 2161 1852 2157 1852 2153 1852 2059 1880 1619 1864 1615 1864 1391 1892 1312 1872 1308 1872 1304 1872 1300 1872 1226 1900 1222 1900 990 1880 986 1880 982 1880 915 1904 734 1892 730 1892 487 1915 491 1974 491 2006 1567 2006 1567 2002 1772 1986 1972 1970 2067 1982 2137 1990 2141 1990 2145 1990 2149 1990 2157 1982 2177 1966 2247 1978 2290 1986 2294 1986 2298 1986 2318 1978 2353 1958 2566 1958 2790 1970 2849 1974 2852 1974 2856 1974 2868 1970 2923 1951 3021 1970 3041 1970 3045 1970 3049 1970 3053 1970 3053 1966 3092 1947 3336 1962 3340 1927 3336 1856 3316 1852 3316 1880"/></Shape>
	    <String CONTENT="hijos de Nohe/ Sen /Et can /Et Jafet q̃ cõ el escaparõ eñl arca pảtyerõ entre sy las cljmas"
                    HPOS="487"
                    VPOS="1837"
                    WIDTH="2853"
                    HEIGHT="169"></String>
          </TextLine>

          
          
          <TextLine ID="eSc_line_c10486c9"
                    TAGREFS="LT2776"
                    BASELINE="493 2062 1856 2023 3300 2002" 
                    HPOS="487"
                    VPOS="1923"
                    WIDTH="2809"
                    HEIGHT="189">
            <Shape><Polygon POINTS="2962 1923 2959 1923 2750 1951 2746 1951 2742 1951 2432 1935 2428 1935 2090 1966 2070 1966 2059 1966 1901 1947 1898 1947 1894 1947 1823 1970 1823 1974 1438 1978 1395 1958 1391 1958 1387 1958 1383 1958 1379 1958 1379 1962 1359 1982 1355 1982 1328 1982 1053 1966 1049 1966 1045 1966 1002 1990 998 1990 986 1990 856 1970 852 1970 848 1970 844 1970 813 1994 809 1998 487 1998 491 2061 491 2112 1371 2068 1567 2080 1646 2084 1650 2084 1713 2076 1819 2061 1862 2072 1894 2080 1898 2080 1901 2080 1905 2080 1941 2068 1980 2057 2279 2057 2636 2061 2640 2061 2738 2045 2790 2037 2872 2041 3135 2053 3139 2053 3293 2025 3296 1998 3285 1943 3010 1943 2966 1923 2962 1923"/></Shape>
	    <String CONTENT="/Et partydas d̃l mundo q̃ supierõ por su ciençia q̃ avjan /Et podiã ver abjtables /Et copo a sen"
                    HPOS="487"
                    VPOS="1923"
                    WIDTH="2809"
                    HEIGHT="189"></String>
          </TextLine>

          
          
          <TextLine ID="eSc_line_1a115072"
                    TAGREFS="LT2776"
                    BASELINE="493 2139 1657 2112 3272 2096" 
                    HPOS="487"
                    VPOS="2017"
                    WIDTH="2782"
                    HEIGHT="165">
            <Shape><Polygon POINTS="990 2049 986 2049 982 2049 958 2068 954 2072 487 2076 491 2135 491 2182 1025 2182 1025 2178 1080 2167 1147 2151 1163 2167 1174 2174 1178 2174 1182 2174 1186 2178 1300 2178 1300 2174 1304 2174 1359 2159 1414 2147 1485 2159 1571 2170 1575 2170 1579 2170 1583 2170 1603 2155 1619 2143 1744 2143 1756 2151 1772 2167 1776 2167 1780 2167 1784 2167 1929 2147 1996 2139 2008 2147 2023 2159 2027 2159 2031 2159 2035 2159 2039 2159 2070 2143 2082 2139 2133 2143 2314 2159 2318 2159 2322 2159 2381 2135 2401 2131 2428 2135 2518 2155 2522 2155 2526 2155 2530 2155 2554 2131 2558 2127 2927 2123 2951 2123 3171 2147 3175 2147 3179 2147 3269 2116 3269 2092 3257 2021 3010 2037 2974 2025 2951 2017 2947 2017 2943 2017 2939 2017 2919 2025 2888 2041 2770 2029 2676 2021 2672 2021 2668 2021 2632 2033 2593 2045 2558 2033 2526 2025 2522 2025 2518 2025 2432 2037 2369 2045 2232 2041 1984 2033 1980 2033 1976 2033 1972 2033 1956 2049 1949 2053 1901 2049 1799 2037 1795 2037 1791 2037 1788 2037 1772 2053 1760 2061 1564 2061 1497 2057 1304 2041 1300 2041 1296 2041 1245 2061 1237 2064 1198 2064 994 2049 990 2049"/></Shape>
	    <String CONTENT="el mayor la asia en q̃ ay vejnte /Et çinco Regioñs la q̃l en cantydat de tyerras /Et moltytud"
                    HPOS="487"
                    VPOS="2017"
                    WIDTH="2782"
                    HEIGHT="165"></String>
          </TextLine>

          
          
          <TextLine ID="eSc_line_4935e856"
                    TAGREFS="LT2776"
                    BASELINE="493 2226 2288 2185 3254 2180" 
                    HPOS="487"
                    VPOS="2104"
                    WIDTH="2766"
                    HEIGHT="169">
            <Shape><Polygon POINTS="491 2225 491 2261 687 2273 691 2273 695 2273 738 2257 770 2249 793 2257 821 2269 825 2269 829 2269 833 2269 856 2257 892 2241 927 2257 943 2261 947 2261 950 2261 1009 2253 1147 2237 1229 2253 1269 2257 1273 2257 1277 2257 1292 2249 1332 2233 1422 2249 1481 2257 1485 2257 1489 2257 1528 2245 1599 2229 1736 2245 1807 2249 1811 2249 1815 2249 1839 2241 1905 2222 2086 2237 2141 2241 2145 2241 2149 2241 2153 2241 2157 2237 2188 2214 2334 2214 2357 2233 2361 2237 2365 2237 2369 2237 2373 2241 2463 2241 2463 2237 2467 2237 2471 2237 2479 2233 2514 2210 3249 2218 3253 2178 3241 2104 487 2159 491 2225"/></Shape>
	    <String CONTENT="de gent̃s tyene mas d̃la mjtad d̃lo poblado /Et a can el segundo fijo copo la africa q̃ se deujde"
                    HPOS="487"
                    VPOS="2104"
                    WIDTH="2766"
                    HEIGHT="169"></String>
          </TextLine>

          
          
          <TextLine ID="eSc_line_76f8e5b5"
                    TAGREFS="LT2776"
                    BASELINE="493 2315 782 2311 1075 2290 3243 2263" 
                    HPOS="487"
                    VPOS="2182"
                    WIDTH="2754"
                    HEIGHT="181">
            <Shape><Polygon POINTS="3179 2182 3175 2182 3037 2210 2790 2186 2786 2186 2782 2186 2778 2186 2746 2214 2652 2190 2648 2190 2644 2190 2452 2218 2448 2218 2212 2194 2208 2194 2204 2194 2129 2218 2086 2198 2082 2198 2078 2198 1921 2218 1831 2202 1827 2202 1823 2202 1776 2225 1744 2202 1740 2202 1736 2202 1732 2202 1729 2202 1685 2225 1646 2202 1642 2202 1638 2202 1634 2202 1493 2229 1489 2229 1485 2229 1155 2210 1143 2210 1061 2237 1053 2237 1037 2237 884 2218 880 2218 840 2218 837 2218 817 2237 817 2241 487 2241 491 2312 491 2363 778 2359 782 2359 785 2359 840 2324 1233 2347 1273 2347 1277 2347 1281 2347 1288 2347 1363 2316 1477 2316 1583 2339 1630 2347 1634 2347 1638 2347 1642 2347 1658 2335 1697 2312 1835 2331 1917 2343 1921 2343 1925 2343 1964 2328 2023 2308 2133 2308 2169 2324 2204 2339 2208 2339 2212 2339 2216 2339 2220 2339 2243 2324 2275 2304 2342 2320 2408 2335 2412 2335 2416 2335 2479 2316 2538 2296 2856 2296 2884 2308 2931 2328 2935 2328 2939 2328 2943 2328 2998 2304 3002 2304 3065 2328 3069 2328 3073 2328 3238 2296 3241 2261 3238 2210 3183 2182 3179 2182"/></Shape>
	    <String CONTENT="en qñze provinçias la q̃l es mas Rica de oro ⁊ plata q̃las otras dos juntasmẽt /Et a Jafet"
                    HPOS="487"
                    VPOS="2182"
                    WIDTH="2754"
                    HEIGHT="181"></String>
          </TextLine>

          
          
          <TextLine ID="eSc_line_f68198fc"
                    TAGREFS="LT2776"
                    BASELINE="493 2403 1515 2368 3256 2363" 
                    HPOS="487"
                    VPOS="2276"
                    WIDTH="2766"
                    HEIGHT="165">
            <Shape><Polygon POINTS="840 2304 809 2304 778 2335 487 2335 491 2402 491 2426 801 2441 805 2441 809 2441 856 2422 880 2414 1053 2414 1068 2418 1123 2437 1127 2437 1131 2437 1135 2437 1202 2418 1214 2414 1229 2418 1316 2434 1320 2434 1461 2414 1508 2406 1532 2410 1591 2430 1595 2430 1599 2430 1736 2410 1784 2402 1870 2406 2149 2422 2153 2422 2157 2422 2204 2402 2212 2398 2239 2402 2412 2422 2416 2422 2420 2422 2483 2398 2581 2418 2585 2418 2719 2394 2738 2390 2770 2390 2990 2414 2994 2414 3249 2382 3253 2359 3241 2304 2943 2304 2735 2276 2731 2276 2727 2276 2625 2300 2444 2288 2440 2288 2436 2288 2385 2312 2322 2284 2318 2284 2314 2284 2310 2284 2208 2312 2153 2284 2149 2284 2145 2284 2011 2288 2008 2288 2004 2288 1956 2320 1799 2320 1748 2292 1744 2292 1740 2292 1736 2292 1654 2320 1524 2292 1520 2292 1194 2304 1190 2304 1186 2304 1159 2324 982 2300 978 2300 974 2300 919 2328 840 2304 840 2304"/></Shape>
	    <String CONTENT="el menor ovo la vropa en q̃ solamente cuentã çinco Regioñs / ꝑo es en noblesa de pueblos"
                    HPOS="487"
                    VPOS="2276"
                    WIDTH="2766"
                    HEIGHT="165"></String>
          </TextLine>

          
          
          <TextLine ID="eSc_line_cc03e76e"
                    TAGREFS="LT2776"
                    BASELINE="493 2482 1484 2462 3222 2447" 
                    HPOS="487"
                    VPOS="2375"
                    WIDTH="2731"
                    HEIGHT="165">
            <Shape><Polygon POINTS="491 2481 495 2540 585 2512 624 2532 628 2532 632 2532 636 2532 640 2532 660 2516 789 2536 793 2536 797 2536 801 2536 805 2536 840 2512 943 2528 947 2528 950 2528 954 2528 982 2504 1092 2532 1096 2532 1100 2532 1104 2532 1288 2496 1795 2496 1953 2520 1956 2520 1960 2520 1964 2520 1992 2492 2169 2488 2239 2488 2271 2512 2271 2516 2275 2516 2279 2516 2283 2520 2463 2520 2463 2516 2467 2516 2471 2516 2514 2492 2570 2508 2573 2508 2577 2508 2581 2508 2585 2508 2621 2485 2805 2508 2809 2508 2813 2508 2817 2508 2852 2481 2923 2508 2927 2508 2931 2508 2935 2508 3088 2481 3210 2504 3218 2445 3206 2375 2691 2394 2664 2379 2660 2375 2656 2375 2652 2375 2648 2375 2644 2375 2628 2379 2566 2394 2487 2379 2471 2379 2467 2379 2463 2379 2459 2379 2436 2398 2259 2382 2204 2379 2200 2379 2196 2379 2184 2382 2133 2402 1898 2386 1831 2382 1827 2382 1799 2386 1717 2406 1638 2390 1622 2386 1619 2386 1599 2390 1485 2414 1253 2414 1229 2394 1229 2390 1226 2390 1222 2390 1218 2390 1214 2390 1206 2394 1143 2414 919 2394 880 2394 876 2394 872 2394 864 2398 817 2418 487 2402 491 2481"/></Shape>
	    <String CONTENT="/Et genero sydat de gent̃s muy mas eçelent̃ q̃ amas las/ otras/ asy q̃ es asya la grande e"
                    HPOS="487"
                    VPOS="2375"
                    WIDTH="2731"
                    HEIGHT="165"></String>
          </TextLine>

          
          
          <TextLine ID="eSc_line_780b0a71"
                    TAGREFS="LT2776"
                    BASELINE="493 2583 1397 2551 3206 2543" 
                    HPOS="487"
                    VPOS="2461"
                    WIDTH="2715"
                    HEIGHT="165">
            <Shape><Polygon POINTS="593 2481 589 2481 585 2481 581 2481 487 2508 491 2579 491 2626 695 2594 837 2618 860 2622 864 2622 868 2622 876 2618 919 2602 966 2618 974 2618 978 2618 982 2618 986 2618 990 2618 990 2614 1017 2594 1167 2610 1198 2614 1202 2614 1226 2610 1328 2587 1548 2587 1579 2602 1583 2606 1587 2606 1591 2606 1595 2606 1599 2606 1611 2602 1658 2583 1909 2583 1925 2594 1945 2610 1949 2610 1953 2610 1956 2610 1960 2610 2015 2591 2055 2579 2082 2591 2114 2606 2118 2606 2122 2606 2271 2587 2279 2587 2330 2606 2334 2606 2338 2606 2342 2606 2432 2583 2467 2575 2495 2583 2577 2602 2581 2602 2585 2602 3069 2598 3073 2598 3202 2563 3202 2540 3190 2481 2809 2481 2766 2461 2762 2461 2758 2461 2754 2461 2672 2485 2668 2485 2617 2461 2613 2461 2609 2461 2605 2461 2601 2461 2570 2485 2518 2461 2514 2461 2511 2461 2507 2461 2503 2461 2463 2485 2397 2465 2393 2465 2389 2465 2385 2465 2381 2465 2381 2469 2357 2488 2357 2492 2287 2492 2287 2488 2259 2465 2255 2465 2251 2465 2247 2465 2110 2485 2023 2465 2019 2465 2015 2465 2011 2465 1901 2492 1701 2469 1697 2469 1528 2496 1473 2473 1469 2473 1285 2473 1281 2473 1277 2473 1186 2500 978 2477 974 2477 970 2477 966 2477 939 2500 840 2485 837 2485 628 2504 597 2481 593 2481"/></Shape>
	    <String CONTENT="africa la Rica /Et vropa la noble esta vropa en la q̃l biujmos Repartyerõ entre sy los"
                    HPOS="487"
                    VPOS="2461"
                    WIDTH="2715"
                    HEIGHT="165"></String>
          </TextLine>

          
          
          <TextLine ID="eSc_line_deba51ca"
                    TAGREFS="LT2776"
                    BASELINE="493 2662 1379 2643 3224 2630" 
                    HPOS="487"
                    VPOS="2547"
                    WIDTH="2735"
                    HEIGHT="173">
            <Shape><Polygon POINTS="620 2575 487 2602 491 2661 491 2720 1567 2677 1760 2677 1784 2693 1795 2704 1799 2704 1803 2704 1807 2704 1882 2689 1968 2673 2326 2681 2939 2693 2943 2693 2947 2693 3021 2665 3033 2661 3218 2661 3222 2626 3218 2571 3147 2547 3143 2547 3139 2547 3135 2547 3088 2571 3053 2571 2534 2559 2530 2559 2526 2559 2522 2559 2491 2579 2487 2583 2216 2583 2204 2583 2082 2563 2078 2563 1937 2583 1662 2563 1658 2563 1654 2563 1650 2563 1622 2587 1567 2563 1564 2563 1560 2563 1249 2567 1245 2567 1241 2567 1206 2591 1002 2571 998 2571 994 2571 990 2571 958 2594 931 2575 927 2575 923 2575 919 2575 915 2575 833 2598 624 2575 620 2575"/></Shape>
	    <String CONTENT="syet̃ fijos q̃ ovo este dichõ Jafet com̃o q̃ra q̃los cosmogrofos en çinco provinçias"
                    HPOS="487"
                    VPOS="2547"
                    WIDTH="2735"
                    HEIGHT="173"></String>
          </TextLine>

          
          
          <TextLine ID="eSc_line_8dc3bdc6"
                    TAGREFS="LT2776"
                    BASELINE="493 2764 1395 2734 3185 2724" 
                    HPOS="487"
                    VPOS="2642"
                    WIDTH="2696"
                    HEIGHT="153">
            <Shape><Polygon POINTS="491 2763 491 2791 1182 2795 1186 2795 1190 2795 1226 2783 1245 2775 1257 2783 1285 2795 1288 2795 1292 2795 1406 2779 1473 2771 1567 2775 1764 2791 1768 2791 1772 2791 1776 2791 1799 2775 1815 2763 2086 2763 2106 2767 2141 2783 2145 2783 2149 2783 2310 2767 2353 2763 2459 2763 3029 2775 3033 2775 3179 2752 3183 2720 3171 2642 2943 2665 2770 2649 2727 2646 2723 2646 2719 2646 2711 2649 2672 2669 2511 2653 2448 2649 2444 2649 2440 2649 2424 2657 2389 2673 2271 2661 2208 2653 2204 2653 1996 2665 1803 2677 1791 2669 1776 2657 1772 2657 1768 2657 1764 2657 1685 2673 1642 2681 1626 2673 1599 2661 1595 2661 1591 2661 1257 2681 1123 2689 1116 2685 1084 2669 1080 2669 1076 2669 927 2689 919 2689 915 2689 860 2669 856 2669 852 2669 726 2693 723 2693 675 2673 671 2673 668 2673 664 2673 660 2673 660 2677 640 2697 487 2697 491 2763"/></Shape>
	    <String CONTENT="las pảten q̃ son la primera jermanya aq̃ comũ mẽte dezimos alemaña /Et germanya en"
                    HPOS="487"
                    VPOS="2642"
                    WIDTH="2696"
                    HEIGHT="153"></String>
          </TextLine>

          
          
          <TextLine ID="eSc_line_1f2b8416"
                    TAGREFS="LT2776"
                    BASELINE="493 2849 1403 2823 3258 2816" 
                    HPOS="487"
                    VPOS="2732"
                    WIDTH="2770"
                    HEIGHT="157">
            <Shape><Polygon POINTS="491 2846 491 2869 789 2889 793 2889 1037 2865 1064 2865 1088 2865 1245 2885 1249 2885 1347 2865 1387 2885 1391 2885 1395 2885 1398 2885 1402 2885 1430 2861 1434 2861 1469 2861 1729 2881 1732 2881 1736 2881 1795 2861 1803 2861 2145 2877 2149 2877 2153 2877 2235 2858 2263 2877 2267 2877 2271 2877 2275 2877 2279 2877 2283 2877 2306 2858 2416 2873 2420 2873 2424 2873 2428 2873 2452 2854 2456 2854 2644 2854 2652 2854 2809 2873 2813 2873 3253 2846 3257 2814 3249 2748 3080 2732 3076 2732 3073 2732 3010 2748 2982 2755 2955 2748 2888 2732 2884 2732 2880 2732 2876 2732 2829 2752 2809 2759 2790 2752 2750 2736 2746 2736 2742 2736 2660 2752 2625 2759 2577 2755 2432 2736 2428 2736 2232 2759 2177 2763 2122 2759 1886 2740 1882 2740 1697 2767 1674 2767 1662 2767 1571 2744 1567 2744 1564 2744 1560 2744 1505 2767 1434 2748 1430 2748 1426 2748 1285 2771 1273 2771 1269 2771 1218 2748 1214 2748 1210 2748 1206 2748 1202 2748 1178 2767 1080 2752 1076 2752 1072 2752 1068 2752 1045 2775 487 2779 491 2846"/></Shape>
	    <String CONTENT="lengua latyna es derivada de multjplicaçiõ por q̃ en aq̃lla pͦvinçia multyplica mucho"
                    HPOS="487"
                    VPOS="2732"
                    WIDTH="2770"
                    HEIGHT="157"></String>
          </TextLine>

          
          
          <TextLine ID="eSc_line_1d71fceb"
                    TAGREFS="LT2776"
                    BASELINE="493 2937 1400 2912 2772 2918 3248 2902" 
                    HPOS="491"
                    VPOS="2826"
                    WIDTH="2754"
                    HEIGHT="157">
            <Shape><Polygon POINTS="569 2846 546 2865 491 2846 491 2936 495 2983 573 2956 605 2979 609 2979 613 2979 616 2983 644 2983 888 2983 888 2979 892 2979 907 2975 1021 2948 1202 2967 1206 2967 1595 2948 1642 2964 1674 2971 1677 2971 1681 2971 1685 2971 1689 2971 1689 2967 1701 2960 1721 2944 1803 2944 1823 2960 1835 2967 1835 2971 1839 2971 1843 2971 1846 2975 2082 2975 2082 2971 2086 2971 2141 2952 2177 2940 2318 2940 2389 2948 2566 2967 2570 2967 3241 2928 3245 2901 3238 2850 2990 2826 2986 2826 2982 2826 2978 2826 2951 2846 2947 2854 2687 2854 2680 2846 2632 2826 2628 2826 2625 2826 2467 2846 2404 2854 2330 2846 2165 2830 2161 2830 2157 2830 2094 2846 2047 2858 1858 2846 1654 2834 1650 2834 1646 2834 1642 2834 1630 2846 1615 2858 1446 2846 1320 2838 1316 2838 1269 2846 1194 2861 1174 2846 1167 2838 1163 2838 1159 2838 1037 2838 1033 2838 1029 2838 1025 2838 1017 2846 982 2869 782 2869 746 2846 742 2846 738 2846 734 2846 730 2846 636 2865 597 2846 569 2846"/></Shape>
	    <String CONTENT="la gent̃ /Et disese alemaña por el Rio aljmano q̃ por ella corre /Et la segunda pͦvinçia"
                    HPOS="491"
                    VPOS="2826"
                    WIDTH="2754"
                    HEIGHT="157"></String>
          </TextLine>

          
          
          <TextLine ID="eSc_line_472e1c4a"
                    TAGREFS="LT2776"
                    BASELINE="493 3024 1060 3004 3350 3007" 
                    HPOS="487"
                    VPOS="2920"
                    WIDTH="2861"
                    HEIGHT="146">
            <Shape><Polygon POINTS="3316 2952 3289 2928 3257 2920 3253 2920 3065 2920 3061 2920 3057 2920 3014 2944 2978 2920 2974 2920 2970 2920 2821 2920 2817 2920 2456 2948 2448 2948 2385 2924 2381 2924 2377 2924 2098 2948 2011 2924 2008 2924 2004 2924 1862 2948 1831 2924 1827 2924 1823 2924 1709 2924 1705 2924 1701 2924 1654 2948 1619 2924 1615 2924 1611 2924 1489 2924 1485 2924 1481 2924 1422 2952 1174 2952 935 2924 931 2924 927 2924 876 2952 652 2952 609 2932 605 2936 565 2936 534 2936 487 2952 491 3022 491 3038 966 3066 970 3066 974 3066 978 3066 1021 3038 1029 3034 1300 3034 1308 3038 1355 3062 1359 3062 1363 3062 1552 3034 1571 3034 1591 3034 1788 3066 1791 3066 1795 3066 1799 3066 1843 3034 1846 3034 2074 3034 2078 3034 2129 3062 2133 3062 2137 3062 2271 3034 2448 3066 2452 3066 2601 3046 2904 3062 2907 3062 3049 3030 3061 3030 3190 3030 3234 3062 3238 3062 3241 3062 3245 3062 3249 3062 3348 3026 3348 3003 3344 2944 3316 2936 3316 2952"/></Shape>
	    <String CONTENT="es la greçia q̃ se llamo asy por vn Rey llamado grico q̃la señoreo ⁊ la tẻçera es la ytalja"
                    HPOS="487"
                    VPOS="2920"
                    WIDTH="2861"
                    HEIGHT="146"></String>
          </TextLine>

          
          
          <TextLine ID="eSc_line_f5dbbd54"
                    TAGREFS="LT2776"
                    BASELINE="493 3115 1447 3088 3337 3104" 
                    HPOS="487"
                    VPOS="3015"
                    WIDTH="2849"
                    HEIGHT="141">
            <Shape><Polygon POINTS="491 3022 491 3113 487 3128 1002 3156 1005 3156 1009 3156 1013 3156 1049 3128 1053 3124 1068 3128 1131 3144 1135 3144 1139 3144 1226 3128 1245 3124 1257 3128 1336 3156 1340 3156 1343 3156 1347 3156 1422 3132 1560 3148 1564 3148 1567 3148 1638 3124 1646 3124 1677 3148 1681 3148 1685 3148 1689 3148 1929 3124 1949 3124 1953 3124 2011 3156 2015 3156 2019 3156 2251 3136 2377 3156 2381 3156 2385 3156 2452 3124 2491 3156 2495 3156 2499 3156 2503 3156 2632 3132 2683 3156 2687 3156 2691 3156 2695 3156 2699 3156 2735 3128 2884 3152 2888 3152 3128 3124 3293 3148 3296 3148 3300 3148 3304 3148 3332 3121 3336 3101 3332 3034 3057 3015 3053 3015 2868 3030 2750 3038 2687 3026 2609 3015 2605 3015 2499 3026 2408 3038 2385 3026 2361 3015 2357 3015 2353 3015 2224 3026 2070 3038 1929 3022 1839 3015 1835 3015 1831 3015 1815 3022 1784 3038 1674 3022 1615 3015 1611 3015 1516 3022 1296 3038 1265 3018 1261 3015 1257 3015 1253 3015 1249 3015 1206 3018 1096 3034 1033 3018 1017 3015 1013 3015 1009 3015 1005 3015 998 3018 954 3042 542 3042 502 3022 491 3022"/></Shape>
	    <String CONTENT="⟦⟧ q̃ en otͦ tyempo la grande greçia se dezia por los griegos q̃la conq̀starõ ⁊ despues põ el"
                    HPOS="487"
                    VPOS="3015"
                    WIDTH="2849"
                    HEIGHT="141"></String>
          </TextLine>

          
          
          <TextLine ID="eSc_line_d07d8f82"
                    TAGREFS="LT2776"
                    BASELINE="493 3199 1358 3182 3256 3190" 
                    HPOS="491"
                    VPOS="3101"
                    WIDTH="2762"
                    HEIGHT="157">
            <Shape><Polygon POINTS="3190 3101 3186 3101 3006 3124 2998 3124 2978 3124 2609 3105 2605 3105 2522 3121 2495 3124 2467 3121 2377 3101 2373 3101 2247 3117 2192 3124 2169 3117 2125 3101 2122 3101 2118 3101 2114 3101 2055 3117 2015 3124 1972 3117 1917 3101 1913 3101 1909 3101 1905 3101 1901 3101 1890 3113 1878 3124 1843 3113 1811 3105 1807 3105 1803 3105 1713 3113 1571 3124 1524 3109 1497 3101 1493 3101 1489 3101 1418 3109 1296 3124 1233 3109 1210 3101 1206 3101 1202 3101 1198 3101 1178 3105 1131 3124 1112 3105 1108 3101 1104 3101 1100 3101 1096 3101 1061 3105 974 3121 911 3105 903 3101 884 3101 884 3105 856 3121 821 3105 801 3105 793 3105 766 3128 585 3128 530 3113 526 3113 491 3113 491 3195 491 3254 943 3215 1100 3215 1159 3246 1178 3254 1182 3254 1186 3254 1269 3242 1485 3215 1638 3219 1662 3238 1674 3246 1677 3246 1681 3246 1685 3246 1689 3246 1721 3238 1780 3219 1815 3234 1858 3254 1862 3254 1866 3254 1870 3254 1953 3234 2027 3215 2059 3230 2090 3246 2094 3246 2098 3246 2102 3246 2133 3230 2157 3219 2259 3219 2369 3227 2695 3254 2699 3254 2703 3254 2825 3219 2829 3219 2880 3254 2884 3254 2888 3254 2892 3258 3073 3258 3073 3254 3076 3254 3080 3254 3124 3215 3128 3215 3249 3215 3253 3187 3253 3128 3194 3101 3190 3101"/></Shape>
	    <String CONTENT="Rey ytalo q̃ enlla Reyno se dixo ytalia /y la q̃rta es la Françia q̃ se llamo galja q̃"
                    HPOS="491"
                    VPOS="3101"
                    WIDTH="2762"
                    HEIGHT="157"></String>
          </TextLine>

          
          
          <TextLine ID="eSc_line_1cb473ce"
                    TAGREFS="LT2776"
                    BASELINE="493 3304 1450 3274 3287 3292" 
                    HPOS="487"
                    VPOS="3203"
                    WIDTH="2798"
                    HEIGHT="137">
            <Shape><Polygon POINTS="491 3301 487 3309 514 3333 514 3336 518 3336 522 3336 526 3340 829 3340 829 3336 833 3336 837 3336 876 3313 911 3336 915 3336 919 3336 923 3336 927 3336 931 3336 954 3317 1112 3336 1116 3336 1119 3336 1198 3313 1202 3313 1473 3313 1489 3317 1560 3336 1564 3336 1567 3336 1571 3336 1611 3317 1615 3313 1619 3317 1642 3336 1646 3336 1650 3336 1654 3336 1658 3336 1705 3317 1721 3313 1740 3321 1791 3336 1795 3336 1799 3336 1874 3321 1917 3313 2106 3313 2122 3325 2133 3336 2137 3336 2141 3336 2145 3336 2220 3325 2298 3313 2884 3333 3014 3336 3017 3336 3021 3336 3025 3336 3057 3313 3277 3336 3285 3289 3281 3230 3171 3203 3167 3203 3163 3203 3061 3227 2518 3207 2514 3207 2511 3207 2428 3227 2424 3227 2349 3203 2346 3203 2342 3203 1929 3227 1905 3227 1898 3227 1807 3203 1803 3203 1799 3203 491 3223 491 3301"/></Shape>
	    <String CONTENT="q̃ere dezir blanca por el color de sugent̃ /Et despues q̃ eñl año de trezientos ⁊ sesenta E"
                    HPOS="487"
                    VPOS="3203"
                    WIDTH="2798"
                    HEIGHT="137"></String>
          </TextLine>

          
          
          <TextLine ID="eSc_line_326dbbb0"
                    TAGREFS="LT2776"
                    BASELINE="493 3391 1505 3365 3303 3389" 
                    HPOS="487"
                    VPOS="3289"
                    WIDTH="2813"
                    HEIGHT="150">
            <Shape><Polygon POINTS="726 3297 703 3297 491 3309 491 3387 487 3427 624 3431 628 3431 632 3431 644 3427 691 3407 711 3427 715 3431 719 3431 723 3431 726 3435 982 3435 982 3431 986 3431 1009 3423 1080 3399 1131 3423 1135 3423 1139 3423 1143 3423 1147 3423 1151 3423 1214 3403 1233 3423 1245 3431 1249 3431 1253 3431 1257 3435 1355 3435 1355 3431 1359 3431 1363 3431 1375 3419 1402 3399 1434 3419 1438 3423 1442 3423 1446 3423 1450 3423 1520 3419 1752 3399 1811 3415 1866 3431 1870 3431 1874 3431 1878 3431 1945 3415 2004 3399 2043 3415 2059 3419 2063 3419 2067 3419 2298 3411 2330 3411 2401 3439 2404 3439 2408 3439 2412 3439 2416 3439 2463 3407 2467 3407 2471 3407 2558 3439 2562 3439 2566 3439 2570 3439 2573 3439 2617 3407 2621 3407 2660 3407 3194 3427 3198 3427 3202 3427 3296 3399 3300 3387 3296 3325 3167 3297 3163 3297 3041 3321 3037 3321 3029 3321 2715 3297 2711 3297 2707 3297 2703 3297 2680 3321 2676 3325 2562 3325 2538 3321 2342 3297 2338 3297 2051 3317 2039 3317 1988 3293 1984 3293 1980 3293 1835 3317 1827 3317 1823 3317 1768 3293 1764 3293 1760 3293 1434 3309 1406 3289 1402 3289 1398 3289 1395 3289 1253 3313 1249 3313 1155 3289 1151 3289 1147 3289 1143 3289 1084 3313 1080 3313 986 3289 982 3289 978 3289 856 3313 848 3313 840 3313 766 3293 726 3297"/></Shape>
	    <String CONTENT="syet̃ d̃la encảnaciõ /El enperador valentyljano por q̃lo ayudase contͣ los alanos le q̀to"
                    HPOS="487"
                    VPOS="3289"
                    WIDTH="2813"
                    HEIGHT="150"></String>
          </TextLine>

          
          
          <TextLine ID="eSc_line_0fded03d"
                    TAGREFS="LT2776"
                    BASELINE="493 3487 1552 3454 3300 3475" 
                    HPOS="491"
                    VPOS="3380"
                    WIDTH="2805"
                    HEIGHT="153">
            <Shape><Polygon POINTS="3281 3411 3218 3411 3190 3387 3159 3387 3155 3387 3116 3407 3014 3387 3002 3387 2962 3384 2923 3384 2884 3384 2845 3384 2821 3384 2817 3384 2813 3384 2786 3407 2644 3380 2640 3380 2636 3380 2554 3407 2479 3384 2475 3384 2471 3384 2467 3384 2416 3411 2235 3411 2200 3380 2196 3380 2192 3380 2188 3380 2184 3380 2180 3380 2149 3399 1984 3380 1980 3380 1976 3380 1972 3380 1945 3399 1913 3380 1909 3380 1905 3380 1901 3380 1898 3380 1811 3403 1725 3380 1721 3380 1717 3380 1497 3399 1371 3380 1367 3380 1363 3380 1281 3407 1080 3380 1076 3380 1072 3380 1068 3380 1025 3411 491 3411 491 3486 491 3529 978 3501 1285 3521 1426 3529 1430 3529 1434 3529 1457 3517 1508 3497 1634 3497 1658 3517 1666 3521 1666 3525 1670 3525 1674 3525 1677 3525 1681 3525 1685 3525 1697 3517 1729 3497 1964 3497 1988 3513 2000 3521 2004 3521 2008 3521 2011 3521 2015 3521 2055 3509 2102 3497 2118 3509 2141 3529 2145 3529 2149 3529 2153 3533 2251 3533 2251 3529 2255 3529 2310 3509 2334 3497 2346 3509 2369 3529 2373 3529 2377 3529 2381 3529 2385 3529 2436 3505 2448 3501 2475 3505 2609 3529 2613 3529 2617 3529 2695 3505 2731 3529 2735 3529 2738 3529 2742 3529 2746 3529 2793 3509 2852 3529 2856 3529 2860 3529 2864 3529 2868 3529 2896 3505 3041 3529 3045 3529 3293 3493 3296 3474 3293 3466 3281 3411"/></Shape>
	    <String CONTENT="por dies años eltributo q̃ fazia a Roma ⁊ la hizo francia se dixo francia /Et la q̀nta es"
                    HPOS="491"
                    VPOS="3380"
                    WIDTH="2805"
                    HEIGHT="153"></String>
          </TextLine>

          
          
          <TextLine ID="eSc_line_c8371b4f"
                    TAGREFS="LT2776"
                    BASELINE="493 3579 1565 3548 3277 3572" 
                    HPOS="487"
                    VPOS="3474"
                    WIDTH="2786"
                    HEIGHT="141">
            <Shape><Polygon POINTS="821 3474 766 3505 491 3505 491 3576 487 3584 888 3611 892 3615 1053 3615 1053 3611 1057 3611 1061 3611 1080 3592 1131 3611 1135 3611 1139 3611 1265 3592 1328 3611 1332 3611 1336 3611 1340 3611 1406 3592 1430 3611 1434 3611 1438 3611 1442 3611 1446 3611 1512 3592 1532 3611 1536 3611 1540 3611 1544 3611 1548 3611 1626 3592 3175 3611 3179 3611 3183 3611 3269 3588 3273 3568 3273 3509 3163 3478 3159 3478 3155 3478 3033 3509 2900 3509 2829 3509 2829 3505 2699 3478 2695 3478 2691 3478 2593 3505 2495 3478 2491 3478 2487 3478 2483 3478 2385 3501 2294 3478 2290 3478 2287 3478 2283 3478 2180 3505 2122 3478 2118 3478 2114 3478 2110 3478 2035 3497 1721 3478 1717 3478 1713 3478 1674 3497 1516 3478 1512 3478 1379 3505 1371 3505 1363 3505 1288 3478 1285 3478 1281 3478 1139 3505 1131 3505 1127 3505 1096 3478 1092 3478 1088 3478 1084 3478 1080 3478 1076 3478 1076 3482 1049 3505 1045 3509 950 3509 939 3505 837 3474 821 3474"/></Shape>
	    <String CONTENT="la españa q̃ primero eberia se dezia por el Rio ebro q̃ por ella pasa /Et despues españa"
                    HPOS="487"
                    VPOS="3474"
                    WIDTH="2786"
                    HEIGHT="141"></String>
          </TextLine>

          
          
          <TextLine ID="eSc_line_4b943050"
                    TAGREFS="LT2776"
                    BASELINE="493 3658 1903 3640 3237 3661 3305 3671" 
                    HPOS="491"
                    VPOS="3572"
                    WIDTH="2813"
                    HEIGHT="137">
            <Shape><Polygon POINTS="491 3654 491 3705 660 3682 821 3705 825 3705 829 3709 1033 3709 1033 3705 1037 3705 1088 3682 1116 3705 1119 3705 1123 3705 1127 3705 1131 3705 1135 3705 1171 3678 1206 3705 1210 3705 1214 3705 1218 3709 1371 3709 1371 3705 1375 3705 1379 3705 1438 3678 1575 3702 1579 3702 1583 3702 1646 3678 2192 3678 2224 3702 2224 3705 2228 3705 2232 3705 2235 3709 2310 3709 2310 3705 2314 3705 2318 3705 2322 3702 2349 3678 2424 3698 2428 3698 2432 3698 2436 3698 2491 3678 2542 3698 2546 3698 2550 3698 2554 3698 2593 3678 2699 3702 2711 3702 2715 3702 2719 3702 2723 3702 2790 3678 2880 3702 2907 3705 2911 3705 3300 3698 3304 3670 3304 3596 1666 3572 1662 3572 1556 3592 1508 3572 1505 3572 1501 3572 1375 3596 491 3596 491 3654"/></Shape>
	    <String CONTENT="se llamo por su prinçipe yspan sobrino de ercoles q̃la señoreo com̃o adelañt se dira"
                    HPOS="491"
                    VPOS="3572"
                    WIDTH="2813"
                    HEIGHT="137"></String>
          </TextLine>

          
          
          <TextLine ID="eSc_line_0fa90466"
                    TAGREFS="LT2776"
                    BASELINE="493 3753 1801 3729 3253 3745" 
                    HPOS="487"
                    VPOS="3654"
                    WIDTH="2762"
                    HEIGHT="134">
            <Shape><Polygon POINTS="3159 3658 3151 3658 3116 3682 2719 3682 2648 3654 2644 3654 2640 3654 2467 3674 2381 3654 2377 3654 2373 3654 2369 3654 2310 3682 2145 3658 2141 3658 1740 3678 1630 3658 1626 3658 1512 3682 1391 3658 1387 3658 1226 3682 1178 3658 1174 3658 1171 3658 1167 3658 1163 3658 1135 3686 833 3686 801 3658 797 3658 793 3658 624 3658 620 3658 487 3686 491 3749 491 3764 805 3788 809 3788 919 3764 931 3764 943 3764 1076 3788 1080 3788 1084 3788 1159 3764 1163 3764 1171 3764 1332 3788 1336 3788 1340 3788 1343 3788 1371 3764 1473 3764 1477 3764 1611 3788 1615 3788 1619 3788 1670 3764 1721 3784 1725 3784 1729 3784 1732 3784 1776 3764 1827 3784 1831 3784 1835 3784 2015 3764 2129 3788 2133 3788 2377 3760 2393 3760 2412 3760 2691 3780 2695 3780 2699 3780 2742 3764 2766 3784 2770 3784 2774 3784 2778 3784 2955 3760 3155 3784 3159 3784 3163 3784 3249 3757 3249 3741 3245 3678 3183 3658 3159 3658"/></Shape>
	    <String CONTENT="com̃o q̃era q̃ sea q̃e se cuẽte en vropa çinco Regioñs com̃o los comografos dizẽ"
                    HPOS="487"
                    VPOS="3654"
                    WIDTH="2762"
                    HEIGHT="134"></String>
          </TextLine>

          
          
          <TextLine ID="eSc_line_796cd150"
                    TAGREFS="LT2776"
                    BASELINE="493 3849 1730 3826 3326 3821" 
                    HPOS="487"
                    VPOS="3737"
                    WIDTH="2837"
                    HEIGHT="212">
            <Shape><Polygon POINTS="3194 3741 3190 3741 3186 3741 3155 3760 3151 3764 2947 3764 2790 3764 2754 3737 2750 3737 2746 3737 2742 3737 2738 3737 2735 3737 2707 3760 2683 3741 2680 3741 2676 3741 2672 3741 2526 3764 2491 3741 2487 3741 2483 3741 2342 3741 2338 3741 2334 3741 2259 3768 2232 3749 2228 3749 2224 3749 2220 3749 2074 3768 2047 3745 2043 3745 2039 3745 1862 3745 1858 3745 1854 3745 1780 3768 1626 3749 1622 3749 1619 3749 1615 3749 1583 3772 1281 3753 1277 3753 1273 3753 1269 3753 1237 3776 1092 3753 1088 3753 1084 3753 1080 3753 1041 3776 974 3753 970 3753 966 3753 962 3753 958 3753 919 3784 687 3784 561 3757 558 3757 554 3757 499 3776 487 3796 491 3847 491 3925 636 3914 652 3925 671 3941 671 3945 675 3945 679 3945 683 3949 876 3949 876 3945 880 3945 939 3921 974 3906 1009 3917 1068 3941 1072 3941 1076 3941 1233 3917 1343 3941 1347 3941 1351 3941 1406 3914 1430 3902 1520 3902 1548 3910 1611 3937 1615 3937 1619 3941 1831 3941 1831 3937 1835 3937 1894 3914 2055 3933 2059 3933 2063 3933 2141 3902 2153 3898 2161 3902 2204 3929 2208 3929 2212 3929 2216 3933 2459 3933 2459 3929 2463 3929 2467 3929 2518 3898 2522 3894 2558 3894 2845 3921 2849 3921 2852 3921 2904 3894 2947 3910 2951 3910 2955 3910 2959 3910 2962 3910 2994 3890 2998 3886 3324 3882 3324 3819 3316 3760 3198 3741 3194 3741"/></Shape>
	    <String CONTENT="/o syet̃ com̃o las pảtyerõ los syet̃ fijos de Jafet tubal el q̃rto d̃llos heredo las españas"
                    HPOS="487"
                    VPOS="3737"
                    WIDTH="2837"
                    HEIGHT="212"></String>
          </TextLine>

          
        </TextBlock>
        

        
      </PrintSpace>
    </Page>
  </Layout>
</alto>
