3576 4718
342 597 2797 185 las q̃les son enfin d̃la europa al poniente /Et las çe̾ca d̃la pa̾te d̃l medio dia la ma̾ medio

342 699 2860 177 terreña /Et d̃l poniẽte ⁊ setentriõ la ma̾ /oçiana /Et d̃l /orient̃ los mõtes perineos q̃ trauyesan

342 786 2848 165 de una ma̾ a/otͣ d̃s de Uayona hasta colibre las q̃les pa̾ten las españas d̃las galias con

342 884 2848 157 q̃ sola mẽte cõ finã por la tyerra/ este tubal con sus gent̃s a Ribados enla coma̾ca /Et mõ

342 978 2816 154 tes suso dichos enpeçarõ a poblã la tyerra /Et llamarõ se çintubales por s̾ conpañas de

346 1049 2860 181 tubal /Et la primera poblaçiõ q̃ fuzierõ fue en los montes doca /Et despues q̃ poblarõ la

342 1140 2864 177 Ribera de ebro llamarõ se conpañas de ebro /Et poblarõ luego taraçona /Et calahorra /Et a

346 1246 2883 161 gripa q̃ es en aragõ q̃ despues q̃ndo la gano el çesa̾ fue llamada çesaria /Et despues por

342 1313 2797 188 çesa̾ augusto la llamarõ çaragoça / estas gent̃s de tubal despues q̃ fuerõ en much̃a

342 1399 2781 181 multyplicaçiõ se partyerõ en diuersas naçioñs unos se llamarõ alanos q̃ poblarõ alna

342 1490 2840 184 otͦs galanos q̃ poblarõ galizia /Et asy tomarõ otͦs nõbr̃s /Et durando estos tyenpos entrarõ

342 1584 2868 181 asy mesmo de fuera /otras naçioñs en las españas q̃las ayudarõ a pobla̾ põ q̃ de Françia

342 1674 2828 185 q̃ se dezia galia uinierõ los galeres q̃ poblarõ eñl Reyno de portogal una çibdat que se

342 1765 2765 177 llama El puẽto /Et põ ello todo el Reyno tomo nõbr̃ Portogal q̃ q̃re dezir pue̾to

314 1863 2900 165 de los galeses uinierõ asi mismo de alemaña /otras gent̃s llamados uandalos /Et poblarõ

314 1950 2911 173 el andaluzia q̃ primero se dezia uetyza põ el Rio uetys q̃ por ella pasa /El q̃l oy en

318 2040 2888 173 morisco se llama guadalq̃uyr q̃ q̃re desir el Rio mayor /Et asy /otras naçioñs entrarõ

314 2127 2880 173 enlas españas q̃ la senoriarõ /Et poblarõ /Et despues desto much̃o tyenpo ercoles elgrande

314 2225 2896 173 uino enlas españas aconpañado de muy noble geñt d̃los griegos en doze naues gruesas

334 2327 2864 157 despues de põ el mundo auẽ fech̃o cosas muy hazañosas /Et aporto enla ysla donde agorͣ

334 2402 2824 177 es la /cibdat de cales q̃ en est tyenpo era tyerra firme ants̃ q̃la ma̾ la cortase /Et fiziese

314 2480 2856 201 d̃lla ysla com̃o agora esta /Et agradando le much̃o la tyerra poblo alli una buena /cibdat q̃

314 2563 2841 204 fue much̃o tyenpo cabeça d̃las españas ⁊ hizo enlla una torre /Et puso sobr̃ ella una y

314 2661 2876 201 magen de cobre q̃ tenia en la mano diestra una gran llaue /y en la mano siniestra tenya

314 2740 2876 212 tendida a la pa̾te d̃l /oçideñt /y enla palma estauã unas letras q̃ dezian estos son los

314 2842 2904 197 moioñs de ercoles y por q̃ en lengua griega dizen por moioñs gadix fue aq̃lla çibdat

314 2936 2963 205 asy llamada por la q̃l el comun la llama calis. /Et de alli ercoles se fue po̾ el Rio de gua

334 3019 2919 212 dalq̃uir fasta el lugar q̃ agora se llama seuilla la uieia /Et hizo la pobla̾ y de alli de

334 3109 2801 217 çendio adonde agora es seuilla poblada /Et pareçiole muy bien la tyerra /Et qso fase̾ ally

334 3196 2915 216 una grand /cibdat mas com̃o conoçiese po̾ su estrologia q̃ otͦ pnçipe mas poderos q̃ el

334 3306 2927 197 la auya de edeficã dexose d̃llo /⁊ mando pon̾ ally seys ma̾moles grand̃s q̃ aun oy dia

314 3404 2829 189 estan en seuilla eñl lugar donde los puso /Et sobr̃ ellos una grand losa de ma̾mol en q̃

314 3487 2833 193 era escrito aq̃ sera una grand çibdat /Et sobr̃ la losa una ymagẽ de cobre q̃ tenia su mano

314 3581 2821 197 diestra tendida al oriẽte y en la palma unas letras q̃ deziã aqͥ llego hercoles /Et por q̃ en

314 3664 2833 232 españa auia algͦs senor̃s q̃ tyranameñt soiusgauã algunas comarcas ercoles apedimiͦ

3107 471 79 106 2

3295 4513 31 131 ii
