3598 4718
405 617 2677 192 sobre el auiso d̃la gent̃ q̃ sobre ella uenia /Et de alli comẽçarõ de gana̾ la tyerra por fu̾ça

405 711 2709 181 de armas /Et com̃o la gent̃ de españa aun era poca ueyendo el grande pode̾ d̃los almudiñs

405 805 2721 166 soiudgarõ se a ellos ⁊ dierõ les el señorio d̃las españas q̃ teniã los Reys griegos estos

405 876 2654 185 almunid̃s poblarõ cordoua /Et ciguẽça ⁊ otͦs muchõs lugar̃s /Et touyerõ el señorio d̃las

365 955 2729 200 españas por espaçio de q̃renta años q̃los Romanos uinierõ a ellas /y las conq̃starõ

365 1061 2867 185 /Et poblarõ muchas çibdades /Et uillas asy de nueua poblaçiõ com̃o las q̃ estauã d̃s poblad̃s

365 1136 2804 185 d̃l tyenpo d̃la seca /Et com̃o los africanos touiesẽ guerra cõ los Romanos amil ca̾ duq̃

365 1234 2733 181 de ca̾tago cõ grand̃s guest̃s paso enlas españas ⁊ gano enllas muchas çibdad̃s y

365 1321 2761 188 uillas /Etl qͣl peleando sobr̃ çiguẽça cõlos Romanos q̃ eñlla biuyã fue mue̾to /Et su gent̃

365 1403 2772 208 d̃sbaratada /Et por q̃ anibal /y asdrubal /magõ ⁊ amõ hiios deste duq̃ erã de peq̃ña

365 1497 2788 205 hedat al tyenpo de su muer te /obo de uenir alas españas por ellos asdrubal ye̾no d̃l d̃ho

365 1592 2792 204 amulca̾ el qͣl fue asy mesmo mue̾to afierro por lo q̃l tanto q̃ anibal fue de hedat

365 1678 2804 201 de ueynt̃ años paso enlas españas /Et cõ el sus he̾manos /y entro por ca̾tagena q̃ estauͣ

365 1773 2812 204 por el y fue sobr̃ çiguẽça /Et d̃struyo la çibdat por uengar la muẽte de su padr̃ /Et gano

365 1867 2788 189 mucha pa̾te d̃las españas ⁊ dixo q̃ pues cõlos Romanos auia de contende̾ q̃ en su

365 1969 2753 181 tyerra d̃llos adonde mayor podẽ teniã q̃ria q̃ fuese pãlo qͣl se paso en ytalia adonde

365 2060 2816 173 andouo dies ⁊ seys años ganãdo cibdad̃s y uillas Et uençio a los Romanos en qñze bata

365 2162 2796 173 llas canpal̃s /Et dexo en su lugar en españa por senor̃s asus he̾manos asdrubal /Et magõ

365 2229 2749 185 contͣ los q̃les los Romanos enbiarõ en españa los dos çipioñs he̾manos cõ grand̃s

365 2323 2776 189 guest̃s y pelearõ cõlos africanos /Et fuerõ mue̾tos los çipioñs /Et sus gent̃s d̃sbaratad̃s

357 2410 2757 196 sobr̃ lo q̃l Roma enbio çipiõ el mãçebo su sobrino d̃los muẽtos q̃ despuesfue llamado

357 2504 2824 197 africano mayor por q̃ soiusgo a africa /Et puso ca̾tago so el senor̃io de Roma elqͣl uen

357 2598 2784 185 çio los africanos /Et los echo d̃las españas /Et las gano /Et estouierõ sola /obidiençia de

357 2677 2843 197 Roma todo tyenpo q̃ biuyo este çipiõ /Et despues de su mue̾te los españoles d̃sobedeçierõ a

357 2779 2828 173 Roma /y el senado enbio contͣ ellos sus capitanes /Et soiusgando una comãca se leuãtaua

357 2862 2843 188 /Et desobedeçia otͣ en q̃ ouo muchas batallas /Et algunas uezes uençiã los Romanos Et muchas uençiã

357 2936 2835 213 los españoles ⁊ fasyã enlos Romanos mucho daño q̃ en una batalla q̃ ouierõ cõ un cõsul

357 3023 2784 208 de Roma q̃ uino a soiusgar los cõ grand gueste fue muerto el cõsul /Et todos los suyos

361 3121 2875 197 syn escapa̾ una sola p̃sona q̃lo hiziese sabe̾ en Roma /Et d̃los de ma̾sella lo supierõ /Et sobr̃

357 3220 2828 188 ello enbiarõ otͦ cõsul llamado tyberiõ /El qͣl tomo põ fuẽça de armas çiento Et çiñqueta forta

357 3298 2863 185 lezas /Et uillas ⁊ sosego la tyerra /Et no syn Razõ los Romanos hasyã mucho por cõserua̾

357 3396 2859 181 el señorio de españa com̃o en aq̃llos tyenpos muy grand̃s myneros de oro eñlla fuesen

357 3487 2922 185 hallados asy enla pa̾te donde agora en castilla llamã las esturias com̃o en por

357 3569 2804 213 togal en la comãca de entre duero y miña Et tras los mõt̃s y asy en galizia /Et otras

357 3668 2867 224 pa̾tes d̃las españas se sacauan tanto oro que se escriue lleuã a Roma en cada un

2992 534 134 87 3

3169 4450 134 212 iii
