3576 2736
581 405 541 87 n sucoygoal solament que

581 474 541 64 sea fidalgo no omendo ca

586 517 542 64 tannento ariquezas. ni a

586 563 522 61 menor noblez a. Esta car

583 611 534 57 ta fo feyta . en la Era de mil

583 652 532 59 ce .ixxx. aymos en la cla

583 697 534 64 ustra de sca maria de pompl

611 736 515 62 ꝯna De la memoria de los fu

613 784 511 59 eros q̃ba el fey cõlos hauancy

606 823 518 63 rzir uos emos ⁊ los hauarres .

588 868 552 66 la memoria de los fueros el rey

588 923 536 48 que ha el fey de Nauarra cõ

588 969 534 50 sus nauaires.⁊los Nauar

590 1007 541 69 ros coneyl queyllos sieru

588 1057 522 60 an como buenos basaylloe

592 1105 516 53 a buen seynnoz. iel fey qͥz

592 1151 518 50 lis faga bien como buenz

590 1190 541 64 seymior abuenos basayllos.

588 1235 524 62 Quoantos om̃s ha en su:

590 1279 520 68 regno atodos lis faze bien.

590 1324 516 66 et dalis mercados ofagan

592 1374 514 55 lures mercaduras. Nuyl oe̾

588 1418 527 59 si contienda hacon otro pora

590 1466 518 61 amor de traer contienda et

586 1509 529 64 baraylla de entre exlles . da

586 1550 526 66 us alcaldes ensus mercados

586 1598 513 64 ronos ombres et menbra

586 1643 513 60 cles i sabidores uelos fu̾es

586 1689 526 64 que lis iudgen los dieytos

586 1730 522 64 Emꝑo es en mano del fey

588 1771 508 66 por dar alcaldes quoales

586 1814 524 71 el quisiere en los mexcados

588 1858 515 93 ae Nauaira. ¶ Cot̃rosi oar

1144 408 584 82 merrados o el quisiere en ka

1147 476 554 50 uaira. OOtrosi es en el man

1147 524 547 50 claimento del Rey.si m̾gun

1151 567 559 48 fidalgo fiziere cosas por que

1153 613 548 50 sus alcaldes nolis iudguen

1153 656 536 50 en sus mercados adaqueyl

1156 697 563 55 los iffancones. ¶adelant uos

1151 747 538 48 contaremos por quoales co

1153 793 552 50 sas o a enbargds. ¶Otrosi es

1156 834 543 48 en el mandamnento del rey̾

1169 868 541 59 si alguõ fuere traydor oroba

1153 925 534 50 aor o ladron o mal feytor.⁊

1156 966 531 55 si fuere p̾so en su tierra que

1156 1012 638 57 lo lieuen aindicio del feyet el rey

1153 1062 543 52 ailuziendo L al calde dela co

1156 1105 561 60 maira.⁊ ael ⁊ al menos .iii. fi

1156 1149 579 52 cos hombres de su tierra ⁊ iffã

1153 1192 584 53 cones bones ⁊cuenus amen

1156 1242 552 50 clo partida deue oyr la qͥreyl

1156 1288 543 52 la de anbas las partidas ⁊ si

1156 1336 552 50 el mal feytor cayere en culpa

1156 1372 545 57 la iusticia es en la mano del

1156 1413 547 73 Rey. ¶ Esi el rey fiz iere iustici

1151 1470 543 50 adel mal feytor. aninguno

1156 1513 545 62 que no sea ꝓuado amẽnos d̾

1158 1564 541 50 iudicio de alcalde asi como ⁊

1158 1609 552 50 sobre escripto es el fey terra

1158 1653 541 50 tuerto al mal feytor ⁊ asus:

1156 1696 552 52 parientes. Mas lis da el fey

1156 1737 538 52 a om̃s delinage de su tierra

1156 1778 554 55 a rieyllas ⁊ auiudas iadon

1158 1826 550 50 zeyllas que non sean casadaᷤᷤ

1156 1869 531 103 et aran uesindut. ⁊ alos ab

1911 414 563 71 bades seglares que son fillos

1908 467 555 55 cle cauaylleres. ⁊ de dueynͣs.

1913 515 540 57 que ayã uezindat atodos es

1917 563 539 48 tos sobre escriptos dalis el

1917 597 539 66 Rey escusados clauos. Iuueroꝰ

1917 647 536 52 mancebos soldados deles fi

1917 693 527 54 llos ⁊delas fillas de sus uyl

1917 741 527 63 lanos que dan peyta al Rey̾

1913 784 538 55 ¶Epor esto estos sobre escri

1917 829 539 60 ptos omns elom̃e de linage:

1917 877 527 50 puede dar fianca quoanto

1922 923 536 50 el alcalde mandare .⁊ puede

1922 964 541 52 aefender los en tanto como

1920 1012 536 50 en su pan souierẽ. Emꝑo el

1922 1057 543 53 ome delinage de que nõ los

1924 1094 534 64 puede defender uos dizdr

1922 1149 538 50 emos. ¶ Si el pillano es÷

1922 1192 547 50 peytero conocido de la cena

1922 1235 547 53 ael Rey ñ lo puede defende

1924 1283 552 50 r Otro si ce la cena de salue

1922 1329 538 52 clad non los pueden puede

1922 1374 541 51 cefender Otrosi del homci

1924 1422 541 50 aio non los puenden defe

1922 1468 547 50 aer. Otro si de la petieion de

1927 1511 545 62 la ceuada no los pueden de

1927 1557 552 54 fender. Emꝑo si non son pep̾

1929 1602 518 53 tos conoscides o nõ tiene

1924 1639 545 68 tieira del rey bien los pue

1954 1682 499 69 clen defender De la pititõn

1949 1732 438 62 de la ceuada q̃nta es

1938 1776 525 70 poanta es la peticion de la

1929 1826 559 50 deuada .ui. Roues de auena

1931 1867 548 86 que sea midida con el fouo

2485 414 500 67 de trigo raso de quoal co

2494 465 500 54 marca fuere el fouo de la.

2494 508 500 55 siet siet clama hombre o

2497 549 508 57 se quemanlas candelas. o

2499 592 504 62 lieuan fierro ofazen batay

2501 636 504 63 lla de escudo et baston . i a

2499 684 500 54 questa auena sea midida

2501 734 507 52 conel rouo de tgo ⁊ nõ sea

2499 777 502 55 calcada ¶ aquestos .ui. Ro

2501 823 507 52 uos de auena.los uillance

2504 868 504 50 q̃ties del Reylos deuen al:

2504 914 504 52 ficombre .i.ke. ⁊ al prestains

2506 957 511 64 ro .ii. louos. ¶ Si uillano so

2504 1005 510 52 lariego es. al ficombre .ii.

2501 1048 532 57 rouos al prestaniero .i. Rouo

2501 1094 525 64 et alos seynores solarieges

2508 1142 488 52 .iii. aloues. ¶ Si seynores

2506 1185 518 53 solariegds muchos ouiere

2506 1222 515 59 el uillano el seymnorenca

2506 1267 524 66 sa de qui souiere el uillano

2506 1315 522 62 cleue auer la meatad de los

2508 1365 522 55 .iii. rouos de auena.⁊ la otra

2508 1411 518 61 meatad deuen partir todos

2508 1454 516 66 los omos seymiores solari

2508 1500 504 61 ges. ¶Si omicidio acare

2504 1545 529 57 ciere los que son escusados

2506 1593 502 53 et les que non son escusa

2508 1637 522 57 clos por egoal peyten todes.

2497 1675 527 66 ¶ Pos muylleres que nõ se

2508 1723 518 64 an casadas tanto peyten÷

2508 1771 518 50 coms .i. paron. ¶ Godo ce⁊

2508 1814 522 55 que es contreytõ passe ala

2510 1858 530 102 zon ce ma muyller en tor
