<alto xmlns:xsi="http://www.w3.org/2001/XMLSchema-instance" xmlns="http://www.loc.gov/standards/alto/ns-v4#" xsi:schemaLocation="http://www.loc.gov/standards/alto/ns-v4# http://www.loc.gov/standards/alto/v4/alto-4-2.xsd">
  <Description>
    <MeasurementUnit>pixel</MeasurementUnit>
    <sourceImageInformation>
      <fileName>fueros_navarre_4v_5r.jpg</fileName>
      
    </sourceImageInformation>
  </Description>
  
  <Tags>
    <OtherTag ID="BT7632" LABEL="text" DESCRIPTION="block type text"/><OtherTag ID="BT7615" LABEL="DamageZone" DESCRIPTION="block type DamageZone"/><OtherTag ID="BT7628" LABEL="TitlePageZone" DESCRIPTION="block type TitlePageZone"/><OtherTag ID="BT7627" LABEL="TableZone" DESCRIPTION="block type TableZone"/><OtherTag ID="BT7626" LABEL="StampZone" DESCRIPTION="block type StampZone"/><OtherTag ID="BT7625" LABEL="SealZone" DESCRIPTION="block type SealZone"/><OtherTag ID="BT7624" LABEL="RunningTitleZone" DESCRIPTION="block type RunningTitleZone"/><OtherTag ID="BT7623" LABEL="QuireMarksZone" DESCRIPTION="block type QuireMarksZone"/><OtherTag ID="BT7622" LABEL="NumberingZone" DESCRIPTION="block type NumberingZone"/><OtherTag ID="BT7621" LABEL="MusicZone" DESCRIPTION="block type MusicZone"/><OtherTag ID="BT7620" LABEL="MarginTextZone" DESCRIPTION="block type MarginTextZone"/><OtherTag ID="BT7619" LABEL="MainZone" DESCRIPTION="block type MainZone"/><OtherTag ID="BT7618" LABEL="DropCapitalZone" DESCRIPTION="block type DropCapitalZone"/><OtherTag ID="BT7617" LABEL="DigitizationArtefactZone" DESCRIPTION="block type DigitizationArtefactZone"/><OtherTag ID="BT7616" LABEL="DecorationZone" DESCRIPTION="block type DecorationZone"/>
    <OtherTag ID="LT2573" LABEL="default" DESCRIPTION="line type default"/><OtherTag ID="LT2569" LABEL="InterlinearLine" DESCRIPTION="line type InterlinearLine"/><OtherTag ID="LT2568" LABEL="HeadingLine" DESCRIPTION="line type HeadingLine"/><OtherTag ID="LT2567" LABEL="DropCapitalLine" DESCRIPTION="line type DropCapitalLine"/><OtherTag ID="LT2566" LABEL="DefaultLine" DESCRIPTION="line type DefaultLine"/>
  </Tags>
  
  <Layout>
    <Page WIDTH="3560" HEIGHT="2736" PHYSICAL_IMG_NR="4" ID="eSc_dummypage_">
      <PrintSpace HPOS="0" VPOS="0" WIDTH="3560" HEIGHT="2736">
        
        <TextBlock HPOS="584" VPOS="451" WIDTH="550" HEIGHT="1524" ID="eSc_textblock_d1ba29e0" TAGREFS="BT7619">
          <Shape><Polygon POINTS="584 451 584 1975 1134 1975 1134 451"/></Shape>
          
          
          <TextLine ID="eSc_line_6b3d8d16" TAGREFS="LT2566" BASELINE="590 498 1098 485 1121 484" HPOS="586" VPOS="451" WIDTH="533" HEIGHT="64">
            <Shape><Polygon POINTS="1110 451 1087 451 1065 451 1042 451 1019 451 996 451 973 451 951 451 928 451 905 451 887 451 586 458 588 497 588 510 923 515 925 515 1119 497 1119 483 1115 451 1110 451"/></Shape>
	    <String CONTENT="no acada uno lo quel fuere" HPOS="586" VPOS="451" WIDTH="533" HEIGHT="64" WC="0.990225438888256"/>
          </TextLine>

          
          
          <TextLine ID="eSc_line_fc778292" TAGREFS="LT2566" BASELINE="589 550 1127 533" HPOS="586" VPOS="497" WIDTH="540" HEIGHT="68">
            <Shape><Polygon POINTS="588 549 588 565 1126 549 1126 531 1119 497 586 513 588 549"/></Shape>
	    <String CONTENT="clado.que siel padie ola ma" HPOS="586" VPOS="497" WIDTH="540" HEIGHT="68" WC="0.972779368912732"/>
          </TextLine>

          
          
          <TextLine ID="eSc_line_0f85a486" TAGREFS="LT2566" BASELINE="590 597 1111 576" HPOS="586" VPOS="542" WIDTH="524" HEIGHT="66">
            <Shape><Polygon POINTS="588 595 588 608 1110 588 1110 574 1103 542 586 560 588 595"/></Shape>
	    <String CONTENT="are quisiesen dar mas auñ" HPOS="586" VPOS="542" WIDTH="524" HEIGHT="66" WC="0.993557586119725"/>
          </TextLine>

          
          
          <TextLine ID="eSc_line_78623bf3" TAGREFS="LT2566" BASELINE="592 636 1114 617" HPOS="588" VPOS="585" WIDTH="524" HEIGHT="69">
            <Shape><Polygon POINTS="590 633 590 649 784 654 786 654 1110 631 1112 615 1106 585 588 601 590 633"/></Shape>
	    <String CONTENT="creatura que no al otra. biẽ" HPOS="588" VPOS="585" WIDTH="524" HEIGHT="69" WC="0.987480893217284"/>
          </TextLine>

          
          
          <TextLine ID="eSc_line_4905d57b" TAGREFS="LT2566" BASELINE="596 682 1117 656" HPOS="590" VPOS="622" WIDTH="525" HEIGHT="77">
            <Shape><Polygon POINTS="595 681 595 699 1115 672 1115 654 1108 622 590 647 595 681"/></Shape>
	    <String CONTENT="pueden dar. heredãdoalas:" HPOS="590" VPOS="622" WIDTH="525" HEIGHT="77" WC="0.975292696402623"/>
          </TextLine>

          
          
          <TextLine ID="eSc_line_494a50d8" TAGREFS="LT2566" BASELINE="598 723 1133 699" HPOS="595" VPOS="668" WIDTH="536" HEIGHT="70">
            <Shape><Polygon POINTS="597 722 597 738 1131 711 1131 697 1124 668 595 690 597 722"/></Shape>
	    <String CONTENT="otras creaturas como fuero" HPOS="595" VPOS="668" WIDTH="536" HEIGHT="70" WC="0.974531331887612"/>
          </TextLine>

          
          
          <TextLine ID="eSc_line_cb7f51d1" TAGREFS="LT2566" BASELINE="602 769 1120 744" HPOS="597" VPOS="709" WIDTH="522" HEIGHT="75">
            <Shape><Polygon POINTS="599 768 599 784 1119 759 1119 743 1112 709 597 731 599 768"/></Shape>
	    <String CONTENT="manda. que los fillos non" HPOS="597" VPOS="709" WIDTH="522" HEIGHT="75" WC="0.998513722419739"/>
          </TextLine>

          
          
          <TextLine ID="eSc_line_33edaebb" TAGREFS="LT2566" BASELINE="602 814 1123 790" HPOS="597" VPOS="752" WIDTH="525" HEIGHT="75">
            <Shape><Polygon POINTS="599 813 599 827 1122 802 1122 788 1115 752 597 768 599 813"/></Shape>
	    <String CONTENT="lis pueden uedar menbar" HPOS="597" VPOS="752" WIDTH="525" HEIGHT="75" WC="0.973684997662254"/>
          </TextLine>

          
          
          <TextLine ID="eSc_line_f292f344" TAGREFS="LT2566" BASELINE="604 857 1133 834" HPOS="599" VPOS="800" WIDTH="532" HEIGHT="68">
            <Shape><Polygon POINTS="602 855 602 868 1131 848 1131 832 1124 800 599 820 602 855"/></Shape>
	    <String CONTENT="gar. Et siel padre o la madr" HPOS="599" VPOS="800" WIDTH="532" HEIGHT="68" WC="0.982649143253054"/>
          </TextLine>

          
          
          <TextLine ID="eSc_line_0ce02028" TAGREFS="LT2566" BASELINE="607 901 1130 878" HPOS="604" VPOS="845" WIDTH="524" HEIGHT="69">
            <Shape><Polygon POINTS="606 900 606 914 1128 893 1128 877 1122 845 604 866 606 900"/></Shape>
	    <String CONTENT="ẽ quisiesen. todo lo podriã ue" HPOS="604" VPOS="845" WIDTH="524" HEIGHT="69" WC="0.949049999937415"/>
          </TextLine>

          
          
          <TextLine ID="eSc_line_e1355893" TAGREFS="LT2566" BASELINE="605 943 1136 924" HPOS="602" VPOS="889" WIDTH="533" HEIGHT="64">
            <Shape><Polygon POINTS="604 941 604 953 1058 950 1135 934 1135 923 1126 889 602 905 604 941"/></Shape>
	    <String CONTENT="cler.⁊ dar ifer su ꝓpͥa uoum" HPOS="602" VPOS="889" WIDTH="533" HEIGHT="64" WC="0.962498134800366"/>
          </TextLine>

          
          
          <TextLine ID="eSc_line_0f9f4d3d" TAGREFS="LT2566" BASELINE="611 983 1137 966" HPOS="606" VPOS="934" WIDTH="529" HEIGHT="62">
            <Shape><Polygon POINTS="608 982 608 996 1067 994 1135 978 1135 964 1128 934 606 950 608 982"/></Shape>
	    <String CONTENT="tad non deseredando alas cͤ" HPOS="606" VPOS="934" WIDTH="529" HEIGHT="62" WC="0.973140025580371"/>
          </TextLine>

          
          
          <TextLine ID="eSc_line_a6d9f063" TAGREFS="LT2566" BASELINE="617 1015 774 1021 1133 1007" HPOS="613" VPOS="975" WIDTH="518" HEIGHT="71">
            <Shape><Polygon POINTS="615 1014 615 1032 864 1046 866 1046 989 1030 1030 1041 1033 1041 1035 1041 1131 1019 1131 1005 1117 975 613 987 615 1014"/></Shape>
	    <String CONTENT="ariras del todecomo dito eᷤᷤ" HPOS="613" VPOS="975" WIDTH="518" HEIGHT="71" WC="0.979656974474589"/>
          </TextLine>

          
          
          <TextLine ID="eSc_line_5efb1814" TAGREFS="LT2566" BASELINE="613 1060 1130 1058" HPOS="611" VPOS="1021" WIDTH="517" HEIGHT="68">
            <Shape><Polygon POINTS="611 1057 611 1076 732 1089 734 1089 1128 1076 1128 1057 1128 1028 611 1021 611 1057"/></Shape>
	    <String CONTENT="qe suso ¶ Si por uentura n̾" HPOS="611" VPOS="1021" WIDTH="517" HEIGHT="68" WC="0.97947272989485"/>
          </TextLine>

          
          
          <TextLine ID="eSc_line_501a7cf7" TAGREFS="LT2566" BASELINE="611 1109 1128 1103" HPOS="606" VPOS="1071" WIDTH="520" HEIGHT="53">
            <Shape><Polygon POINTS="608 1108 608 1124 1124 1117 1126 1101 1119 1071 606 1076 608 1108"/></Shape>
	    <String CONTENT="fuessen heredades de auolo" HPOS="606" VPOS="1071" WIDTH="520" HEIGHT="53" WC="0.995727477165369"/>
          </TextLine>

          
          
          <TextLine ID="eSc_line_5e07f286" TAGREFS="LT2566" BASELINE="611 1153 1142 1144" HPOS="606" VPOS="1108" WIDTH="534" HEIGHT="68">
            <Shape><Polygon POINTS="608 1151 608 1167 864 1176 866 1176 1138 1158 1140 1142 1133 1108 606 1119 608 1151"/></Shape>
	    <String CONTENT="rioque fuessen dadas omã" HPOS="606" VPOS="1108" WIDTH="534" HEIGHT="68" WC="0.98210857629776"/>
          </TextLine>

          
          
          <TextLine ID="eSc_line_70f086fd" TAGREFS="LT2566" BASELINE="611 1197 1145 1188" HPOS="606" VPOS="1158" WIDTH="538" HEIGHT="61">
            <Shape><Polygon POINTS="608 1197 608 1210 868 1219 871 1219 1144 1203 1144 1187 1138 1158 606 1165 608 1197"/></Shape>
	    <String CONTENT="aadas asobnos. otro si lopu" HPOS="606" VPOS="1158" WIDTH="538" HEIGHT="61" WC="0.958565756126686"/>
          </TextLine>

          
          
          <TextLine ID="eSc_line_95641099" TAGREFS="LT2566" BASELINE="611 1240 1137 1229" HPOS="606" VPOS="1199" WIDTH="529" HEIGHT="61">
            <Shape><Polygon POINTS="608 1238 608 1254 998 1260 1001 1260 1133 1244 1135 1228 1128 1199 606 1206 608 1238"/></Shape>
	    <String CONTENT="eden fazer el auuelo ola a" HPOS="606" VPOS="1199" WIDTH="529" HEIGHT="61" WC="0.97573224397806"/>
          </TextLine>

          
          
          <TextLine ID="eSc_line_f198c16f" TAGREFS="LT2566" BASELINE="611 1285 1142 1275" HPOS="606" VPOS="1244" WIDTH="534" HEIGHT="57">
            <Shape><Polygon POINTS="608 1283 608 1301 1138 1292 1140 1274 1133 1244 606 1251 608 1283"/></Shape>
	    <String CONTENT="uuela si padre omadie desto" HPOS="606" VPOS="1244" WIDTH="534" HEIGHT="57" WC="0.963108725017972"/>
          </TextLine>

          
          
          <TextLine ID="eSc_line_1360f73b" TAGREFS="LT2566" BASELINE="610 1331 1140 1328" HPOS="606" VPOS="1297" WIDTH="532" HEIGHT="48">
            <Shape><Polygon POINTS="608 1329 608 1345 1135 1342 1138 1326 1131 1297 606 1297 608 1329"/></Shape>
	    <String CONTENT="sobrinos moriesenantes qͥ" HPOS="606" VPOS="1297" WIDTH="532" HEIGHT="48" WC="0.986265830993652"/>
          </TextLine>

          
          
          <TextLine ID="eSc_line_8b2da55c" TAGREFS="LT2566" BASELINE="608 1378 1134 1368" HPOS="604" VPOS="1336" WIDTH="529" HEIGHT="57">
            <Shape><Polygon POINTS="606 1377 606 1393 1131 1383 1133 1368 1126 1336 604 1336 606 1377"/></Shape>
	    <String CONTENT="los auuelos que estoes au" HPOS="604" VPOS="1336" WIDTH="529" HEIGHT="57" WC="0.983927462100983"/>
          </TextLine>

          
          
          <TextLine ID="eSc_line_42848875" TAGREFS="LT2566" BASELINE="610 1418 1139 1415" HPOS="606" VPOS="1383" WIDTH="532" HEIGHT="62">
            <Shape><Polygon POINTS="608 1415 608 1434 1083 1445 1085 1445 1087 1445 1138 1431 1138 1413 1131 1383 606 1383 608 1415"/></Shape>
	    <String CONTENT="uolorio asobrinos ⁊ loal es" HPOS="606" VPOS="1383" WIDTH="532" HEIGHT="62" WC="0.982883669711925"/>
          </TextLine>

          
          
          <TextLine ID="eSc_line_cbe76917" TAGREFS="LT2566" BASELINE="610 1468 1148 1462" HPOS="606" VPOS="1429" WIDTH="541" HEIGHT="53">
            <Shape><Polygon POINTS="608 1466 608 1482 1144 1477 1147 1461 1142 1429 606 1429 608 1466"/></Shape>
	    <String CONTENT="patrunono quoando el au" HPOS="606" VPOS="1429" WIDTH="541" HEIGHT="53" WC="0.982461312542791"/>
          </TextLine>

          
          
          <TextLine ID="eSc_line_6b3b5d19" TAGREFS="LT2566" BASELINE="610 1516 1149 1510" HPOS="606" VPOS="1479" WIDTH="541" HEIGHT="50">
            <Shape><Polygon POINTS="608 1513 608 1529 1144 1525 1147 1509 1140 1479 606 1482 608 1513"/></Shape>
	    <String CONTENT="uelomuere ante del padre o" HPOS="606" VPOS="1479" WIDTH="541" HEIGHT="50" WC="0.96929755119177"/>
          </TextLine>

          
          
          <TextLine ID="eSc_line_5353e5ca" TAGREFS="LT2566" BASELINE="608 1562 1133 1553" HPOS="604" VPOS="1520" WIDTH="527" HEIGHT="62">
            <Shape><Polygon POINTS="606 1561 606 1575 994 1582 996 1582 1128 1566 1131 1552 1124 1520 604 1527 606 1561"/></Shape>
	    <String CONTENT="la madre. ¶ Et si maridoim" HPOS="604" VPOS="1520" WIDTH="527" HEIGHT="62" WC="0.963930700833981"/>
          </TextLine>

          
          
          <TextLine ID="eSc_line_5c5bd036" TAGREFS="LT2566" BASELINE="608 1603 1151 1600" HPOS="604" VPOS="1566" WIDTH="545" HEIGHT="52">
            <Shape><Polygon POINTS="606 1602 606 1618 1147 1614 1149 1598 1144 1570 604 1566 606 1602"/></Shape>
	    <String CONTENT="uyller fazenestin en uno i" HPOS="604" VPOS="1566" WIDTH="545" HEIGHT="52" WC="0.967229547408911"/>
          </TextLine>

          
          
          <TextLine ID="eSc_line_8ad31028" TAGREFS="LT2566" BASELINE="607 1649 1149 1646" HPOS="604" VPOS="1611" WIDTH="543" HEIGHT="53">
            <Shape><Polygon POINTS="606 1648 606 1664 1147 1659 1147 1643 1140 1611 604 1614 606 1648"/></Shape>
	    <String CONTENT="loencierran. si el uno depllo" HPOS="604" VPOS="1611" WIDTH="543" HEIGHT="53" WC="0.99317519829191"/>
          </TextLine>

          
          
          <TextLine ID="eSc_line_42c01a0e" TAGREFS="LT2566" BASELINE="608 1696 1140 1687" HPOS="604" VPOS="1655" WIDTH="534" HEIGHT="59">
            <Shape><Polygon POINTS="606 1694 606 1707 1001 1714 1003 1714 1138 1698 1138 1684 1131 1655 604 1657 606 1694"/></Shape>
	    <String CONTENT="mories el otro non puede:" HPOS="604" VPOS="1655" WIDTH="534" HEIGHT="59" WC="0.992891762256622"/>
          </TextLine>

          
          
          <TextLine ID="eSc_line_4937c8ce" TAGREFS="LT2566" BASELINE="607 1737 1130 1734" HPOS="604" VPOS="1703" WIDTH="524" HEIGHT="59">
            <Shape><Polygon POINTS="606 1735 606 1751 1017 1762 1019 1762 1126 1748 1128 1732 1124 1703 604 1703 606 1735"/></Shape>
	    <String CONTENT="clesfazer el destin. maguer" HPOS="604" VPOS="1703" WIDTH="524" HEIGHT="59" WC="0.995186474588182"/>
          </TextLine>

          
          
          <TextLine ID="eSc_line_284e613b" TAGREFS="LT2566" BASELINE="610 1782 1133 1776" HPOS="606" VPOS="1744" WIDTH="525" HEIGHT="52">
            <Shape><Polygon POINTS="608 1780 608 1796 1128 1789 1131 1773 1112 1744 606 1748 608 1780"/></Shape>
	    <String CONTENT="biuiendo ambos semẽylla" HPOS="606" VPOS="1744" WIDTH="525" HEIGHT="52" WC="0.969968448082606"/>
          </TextLine>

          
          
          <TextLine ID="eSc_line_0bfb8f4e" TAGREFS="LT2566" BASELINE="610 1824 1140 1814" HPOS="606" VPOS="1782" WIDTH="532" HEIGHT="62">
            <Shape><Polygon POINTS="608 1824 608 1839 1028 1844 1030 1844 1135 1828 1138 1812 1131 1782 606 1792 608 1824"/></Shape>
	    <String CONTENT="re que el destin no es bien:" HPOS="606" VPOS="1782" WIDTH="532" HEIGHT="62" WC="0.975816149796758"/>
          </TextLine>

          
          
          <TextLine ID="eSc_line_c3d60046" TAGREFS="LT2566" BASELINE="605 1872 1140 1862" HPOS="602" VPOS="1828" WIDTH="536" HEIGHT="64">
            <Shape><Polygon POINTS="604 1871 604 1890 1028 1892 1030 1892 1135 1878 1138 1860 1131 1828 602 1837 604 1871"/></Shape>
	    <String CONTENT="secho. bien lo pueden meio" HPOS="602" VPOS="1828" WIDTH="536" HEIGHT="64" WC="0.983573867724492"/>
          </TextLine>

          
          
          <TextLine ID="eSc_line_f4e7ccc8" TAGREFS="LT2566" BASELINE="607 1919 1127 1907" HPOS="604" VPOS="1876" WIDTH="522" HEIGHT="98">
            <Shape><Polygon POINTS="606 1917 606 1953 695 1967 697 1967 700 1967 729 1953 834 1953 871 1969 873 1969 875 1969 878 1969 903 1958 919 1972 921 1972 923 1972 925 1974 1021 1974 1021 1972 1023 1972 1126 1942 1126 1906 1119 1876 604 1885 606 1917"/></Shape>
	    <String CONTENT="rar. que atoes fiauigo uale" HPOS="604" VPOS="1876" WIDTH="522" HEIGHT="98" WC="0.920903364817301"/>
          </TextLine>

          
        </TextBlock>
        
        <TextBlock HPOS="1168" VPOS="414" WIDTH="567" HEIGHT="1553" ID="eSc_textblock_2bc130e7" TAGREFS="BT7619">
          <Shape><Polygon POINTS="1710 414 1735 1967 1168 1967 1168 414"/></Shape>
          
          
          <TextLine ID="eSc_line_7cebef07" TAGREFS="LT2566" BASELINE="1173 480 1693 462" HPOS="1169" VPOS="424" WIDTH="523" HEIGHT="82">
            <Shape><Polygon POINTS="1172 478 1172 506 1689 478 1692 460 1685 424 1169 426 1172 478"/></Shape>
	    <String CONTENT="sel postreners destin. ⁊e como" HPOS="1169" VPOS="424" WIDTH="523" HEIGHT="82" WC="0.988973748683929"/>
          </TextLine>

          
          
          <TextLine ID="eSc_line_81347e11" TAGREFS="LT2566" BASELINE="1170 518 1692 512" HPOS="1169" VPOS="471" WIDTH="520" HEIGHT="64">
            <Shape><Polygon POINTS="1169 517 1169 535 1689 528 1689 510 1683 471 1185 485 1169 517"/></Shape>
	    <String CONTENT="firma el ħey dõsͦ. loc fũcea" HPOS="1169" VPOS="471" WIDTH="520" HEIGHT="64" WC="0.967253714799881"/>
          </TextLine>

          
          
          <TextLine ID="eSc_line_b349b9eb" TAGREFS="LT2566" BASELINE="1179 577 1686 557" HPOS="1174" VPOS="519" WIDTH="511" HEIGHT="80">
            <Shape><Polygon POINTS="1176 576 1176 599 1683 572 1685 556 1678 519 1174 531 1176 576"/></Shape>
	    <String CONTENT="epan todus los lex yuianos." HPOS="1174" VPOS="519" WIDTH="511" HEIGHT="80" WC="0.954065042513388"/>
          </TextLine>

          
          
          <TextLine ID="eSc_line_f37c3435" TAGREFS="LT2566" BASELINE="1164 615 1202 614 1681 605" HPOS="1160" VPOS="570" WIDTH="520" HEIGHT="68">
            <Shape><Polygon POINTS="1343 572 1320 572 1297 572 1274 574 1252 574 1229 576 1206 576 1183 576 1181 570 1160 570 1163 613 1163 638 1678 617 1680 604 1673 570 1350 570 1343 572"/></Shape>
	    <String CONTENT="⁊qui son ⁊ seran. Que rodon" HPOS="1160" VPOS="570" WIDTH="520" HEIGHT="68" WC="0.981566276815202"/>
          </TextLine>

          
          
          <TextLine ID="eSc_line_a0baace6" TAGREFS="LT2566" BASELINE="1160 659 1693 646" HPOS="1156" VPOS="608" WIDTH="536" HEIGHT="71">
            <Shape><Polygon POINTS="1158 658 1158 670 1331 679 1334 679 1660 670 1662 670 1692 656 1692 645 1685 608 1156 620 1158 658"/></Shape>
	    <String CONTENT="Sancho por la gr̾a de dios bey" HPOS="1156" VPOS="608" WIDTH="536" HEIGHT="71" WC="0.98761615951856"/>
          </TextLine>

          
          
          <TextLine ID="eSc_line_64d0641f" TAGREFS="LT2566" BASELINE="1160 700 1684 688" HPOS="1156" VPOS="654" WIDTH="527" HEIGHT="64">
            <Shape><Polygon POINTS="1158 699 1158 713 1502 718 1505 718 1662 713 1664 713 1667 713 1683 702 1683 686 1676 654 1156 665 1158 699"/></Shape>
	    <String CONTENT="cle Nauaira i rernodel emꝑ" HPOS="1156" VPOS="654" WIDTH="527" HEIGHT="64" WC="0.952987489792017"/>
          </TextLine>

          
          
          <TextLine ID="eSc_line_32d4d8c3" TAGREFS="LT2566" BASELINE="1163 746 1684 734" HPOS="1158" VPOS="697" WIDTH="525" HEIGHT="64">
            <Shape><Polygon POINTS="1160 745 1160 761 1683 745 1683 731 1676 697 1158 709 1160 745"/></Shape>
	    <String CONTENT="ador conotorganuento ⁊ nõ" HPOS="1158" VPOS="697" WIDTH="525" HEIGHT="64" WC="0.986083947695219"/>
          </TextLine>

          
          
          <TextLine ID="eSc_line_b947adb0" TAGREFS="LT2566" BASELINE="1163 793 1687 778" HPOS="1158" VPOS="736" WIDTH="527" HEIGHT="68">
            <Shape><Polygon POINTS="1160 791 1160 804 1685 791 1685 777 1678 736 1158 754 1160 791"/></Shape>
	    <String CONTENT="luntad de mios ticos hombrᷤᷤ" HPOS="1158" VPOS="736" WIDTH="527" HEIGHT="68" WC="0.992743973378782"/>
          </TextLine>

          
          
          <TextLine ID="eSc_line_feecc90d" TAGREFS="LT2566" BASELINE="1165 837 1692 823" HPOS="1160" VPOS="788" WIDTH="529" HEIGHT="62">
            <Shape><Polygon POINTS="1163 836 1163 850 1689 836 1689 820 1683 788 1160 802 1163 836"/></Shape>
	    <String CONTENT="et con uoluntad decauayllee" HPOS="1160" VPOS="788" WIDTH="529" HEIGHT="62" WC="0.97676173404411"/>
          </TextLine>

          
          
          <TextLine ID="eSc_line_de476004" TAGREFS="LT2566" BASELINE="1168 880 1684 871" HPOS="1165" VPOS="839" WIDTH="518" HEIGHT="54">
            <Shape><Polygon POINTS="1167 877 1167 893 1680 886 1683 870 1676 839 1165 843 1167 877"/></Shape>
	    <String CONTENT="et iffancones i de todus los o" HPOS="1165" VPOS="839" WIDTH="518" HEIGHT="54" WC="0.969186995426814"/>
          </TextLine>

          
          
          <TextLine ID="eSc_line_da9bcd61" TAGREFS="LT2566" BASELINE="1171 922 1696 913" HPOS="1169" VPOS="882" WIDTH="525" HEIGHT="55">
            <Shape><Polygon POINTS="1169 921 1169 937 1694 927 1694 912 1687 882 1183 889 1169 921"/></Shape>
	    <String CONTENT="tres que son en mio fegno es" HPOS="1169" VPOS="882" WIDTH="525" HEIGHT="55" WC="0.987510685409818"/>
          </TextLine>

          
          
          <TextLine ID="eSc_line_c5125bb1" TAGREFS="LT2566" BASELINE="1169 966 1687 956" HPOS="1165" VPOS="925" WIDTH="520" HEIGHT="57">
            <Shape><Polygon POINTS="1167 964 1167 982 1683 973 1685 955 1678 925 1165 932 1167 964"/></Shape>
	    <String CONTENT="tablez co iconfirmo ester fu" HPOS="1165" VPOS="925" WIDTH="520" HEIGHT="57" WC="0.960743080292429"/>
          </TextLine>

          
          
          <TextLine ID="eSc_line_e9e3b693" TAGREFS="LT2566" BASELINE="1169 1010 1692 1001" HPOS="1165" VPOS="971" WIDTH="524" HEIGHT="55">
            <Shape><Polygon POINTS="1167 1007 1167 1026 1687 1019 1689 1000 1683 971 1165 975 1167 1007"/></Shape>
	    <String CONTENT="eres que portodos tiempes se" HPOS="1165" VPOS="971" WIDTH="524" HEIGHT="55" WC="0.981563746929169"/>
          </TextLine>

          
          
          <TextLine ID="eSc_line_6369679e" TAGREFS="LT2566" BASELINE="1163 1050 1696 1048" HPOS="1158" VPOS="1016" WIDTH="536" HEIGHT="62">
            <Shape><Polygon POINTS="1160 1048 1160 1067 1553 1078 1555 1078 1692 1064 1694 1046 1687 1016 1158 1016 1160 1048"/></Shape>
	    <String CONTENT="an durables todas las cosas" HPOS="1158" VPOS="1016" WIDTH="536" HEIGHT="62" WC="0.991264859835307"/>
          </TextLine>

          
          
          <TextLine ID="eSc_line_5827bc08" TAGREFS="LT2566" BASELINE="1182 1103 1255 1101 1693 1092" HPOS="1179" VPOS="1060" WIDTH="513" HEIGHT="70">
            <Shape><Polygon POINTS="1181 1101 1181 1130 1689 1108 1692 1089 1685 1060 1179 1060 1181 1101"/></Shape>
	    <String CONTENT="que de iuso son escͥptas en la" HPOS="1179" VPOS="1060" WIDTH="513" HEIGHT="70" WC="0.984314783414205"/>
          </TextLine>

          
          
          <TextLine ID="eSc_line_76d14196" TAGREFS="LT2566" BASELINE="1189 1144 1233 1143 1695 1135" HPOS="1185" VPOS="1103" WIDTH="509" HEIGHT="68">
            <Shape><Polygon POINTS="1188 1142 1188 1171 1692 1149 1694 1133 1687 1103 1185 1110 1188 1142"/></Shape>
	    <String CONTENT="present carta el infãcõ qͥ fie" HPOS="1185" VPOS="1103" WIDTH="509" HEIGHT="68" WC="0.977206617593765"/>
          </TextLine>

          
          
          <TextLine ID="eSc_line_da738444" TAGREFS="LT2566" BASELINE="1188 1193 1707 1181" HPOS="1183" VPOS="1144" WIDTH="522" HEIGHT="64">
            <Shape><Polygon POINTS="1185 1192 1185 1208 1705 1197 1705 1178 1699 1144 1183 1155 1185 1192"/></Shape>
	    <String CONTENT="i alguure al Infaco sĩ desafiar" HPOS="1183" VPOS="1144" WIDTH="522" HEIGHT="64" WC="0.960724858567119"/>
          </TextLine>

          
          
          <TextLine ID="eSc_line_b6d584e1" TAGREFS="LT2566" BASELINE="1187 1235 1218 1235 1684 1228" HPOS="1183" VPOS="1192" WIDTH="500" HEIGHT="71">
            <Shape><Polygon POINTS="1185 1233 1185 1263 1680 1244 1683 1226 1676 1192 1183 1192 1185 1233"/></Shape>
	    <String CONTENT="hombre ce linage en uayere" HPOS="1183" VPOS="1192" WIDTH="500" HEIGHT="71" WC="0.978693902492523"/>
          </TextLine>

          
          
          <TextLine ID="eSc_line_5ab8b6d0" TAGREFS="LT2566" BASELINE="1169 1279 1684 1273" HPOS="1165" VPOS="1242" WIDTH="518" HEIGHT="66">
            <Shape><Polygon POINTS="1167 1276 1169 1308 1197 1295 1680 1292 1683 1272 1678 1242 1165 1242 1167 1276"/></Shape>
	    <String CONTENT="oferiere o matare otrohom" HPOS="1165" VPOS="1242" WIDTH="518" HEIGHT="66" WC="0.963893270492554"/>
          </TextLine>

          
          
          <TextLine ID="eSc_line_11c7ab14" TAGREFS="LT2566" BASELINE="1171 1327 1704 1322" HPOS="1169" VPOS="1288" WIDTH="534" HEIGHT="59">
            <Shape><Polygon POINTS="1169 1326 1169 1342 1653 1347 1655 1347 1657 1347 1703 1333 1703 1320 1696 1288 1181 1292 1169 1326"/></Shape>
	    <String CONTENT="bre de linage asi que p̾mero" HPOS="1169" VPOS="1288" WIDTH="534" HEIGHT="59" WC="0.983615025877953"/>
          </TextLine>

          
          
          <TextLine ID="eSc_line_1dab5e3e" TAGREFS="LT2566" BASELINE="1175 1374 1713 1365" HPOS="1172" VPOS="1326" WIDTH="540" HEIGHT="64">
            <Shape><Polygon POINTS="1311 1326 1172 1340 1174 1372 1174 1390 1710 1381 1712 1363 1708 1331 1313 1326 1311 1326"/></Shape>
	    <String CONTENT="nol desafiate delant .iiii .o. n̾" HPOS="1172" VPOS="1326" WIDTH="540" HEIGHT="64" WC="0.972074889775479"/>
          </TextLine>

          
          
          <TextLine ID="eSc_line_96e2815a" TAGREFS="LT2566" BASELINE="1174 1418 1728 1409" HPOS="1169" VPOS="1377" WIDTH="557" HEIGHT="61">
            <Shape><Polygon POINTS="1172 1415 1172 1431 1582 1438 1585 1438 1726 1422 1726 1406 1719 1377 1169 1383 1172 1415"/></Shape>
	    <String CONTENT="cauaylletos o otirs seyendo y̾" HPOS="1169" VPOS="1377" WIDTH="557" HEIGHT="61" WC="0.973719749848048"/>
          </TextLine>

          
          
          <TextLine ID="eSc_line_cf185fdc" TAGREFS="LT2566" BASELINE="1174 1463 1707 1454" HPOS="1169" VPOS="1422" WIDTH="536" HEIGHT="57">
            <Shape><Polygon POINTS="1172 1461 1172 1479 1703 1470 1705 1452 1699 1422 1169 1429 1172 1461"/></Shape>
	    <String CONTENT="clelant oenel merrado ante" HPOS="1169" VPOS="1422" WIDTH="536" HEIGHT="57" WC="0.974833309650421"/>
          </TextLine>

          
          
          <TextLine ID="eSc_line_4ea2b654" TAGREFS="LT2566" BASELINE="1177 1512 1698 1503" HPOS="1174" VPOS="1470" WIDTH="522" HEIGHT="62">
            <Shape><Polygon POINTS="1176 1511 1176 1525 1550 1532 1553 1532 1696 1516 1696 1502 1689 1470 1174 1477 1176 1511"/></Shape>
	    <String CONTENT="mio alcalde .⁊. ui cauayllos" HPOS="1174" VPOS="1470" WIDTH="522" HEIGHT="62" WC="0.966372091855322"/>
          </TextLine>

          
          
          <TextLine ID="eSc_line_a65328e0" TAGREFS="LT2566" BASELINE="1200 1558 1704 1547" HPOS="1197" VPOS="1516" WIDTH="506" HEIGHT="59">
            <Shape><Polygon POINTS="1199 1557 1199 1570 1598 1575 1600 1575 1703 1559 1703 1545 1696 1516 1197 1525 1199 1557"/></Shape>
	    <String CONTENT="ꝯtirs. Et si por auentura a" HPOS="1197" VPOS="1516" WIDTH="506" HEIGHT="59" WC="0.978759595641383"/>
          </TextLine>

          
          
          <TextLine ID="eSc_line_d493848b" TAGREFS="LT2566" BASELINE="1174 1603 1699 1594" HPOS="1169" VPOS="1561" WIDTH="527" HEIGHT="57">
            <Shape><Polygon POINTS="1172 1602 1172 1618 1694 1609 1696 1593 1689 1561 1169 1568 1172 1602"/></Shape>
	    <String CONTENT="quel en naymẽto o fetume" HPOS="1169" VPOS="1561" WIDTH="527" HEIGHT="57" WC="0.997509319782257"/>
          </TextLine>

          
          
          <TextLine ID="eSc_line_d52c5b34" TAGREFS="LT2566" BASELINE="1175 1647 1710 1640" HPOS="1172" VPOS="1609" WIDTH="536" HEIGHT="55">
            <Shape><Polygon POINTS="1174 1646 1174 1664 1705 1657 1708 1639 1701 1609 1172 1614 1174 1646"/></Shape>
	    <String CONTENT="to o matannento non fuere" HPOS="1172" VPOS="1609" WIDTH="536" HEIGHT="55" WC="0.986301867961884"/>
          </TextLine>

          
          
          <TextLine ID="eSc_line_e9b33dd9" TAGREFS="LT2566" BASELINE="1174 1693 1704 1682" HPOS="1169" VPOS="1650" WIDTH="534" HEIGHT="60">
            <Shape><Polygon POINTS="1172 1691 1172 1710 1701 1698 1703 1680 1696 1650 1169 1659 1172 1691"/></Shape>
	    <String CONTENT="en baraylla subdossa ⁊ non a" HPOS="1169" VPOS="1650" WIDTH="534" HEIGHT="60" WC="0.996905418378966"/>
          </TextLine>

          
          
          <TextLine ID="eSc_line_b4b24a1e" TAGREFS="LT2566" BASELINE="1175 1735 1704 1728" HPOS="1172" VPOS="1696" WIDTH="531" HEIGHT="55">
            <Shape><Polygon POINTS="1174 1732 1174 1751 1701 1744 1703 1725 1696 1696 1172 1700 1174 1732"/></Shape>
	    <String CONTENT="uenga de mal querienca de" HPOS="1172" VPOS="1696" WIDTH="531" HEIGHT="55" WC="0.978337275981903"/>
          </TextLine>

          
          
          <TextLine ID="eSc_line_a0331005" TAGREFS="LT2566" BASELINE="1175 1776 1702 1770" HPOS="1172" VPOS="1741" WIDTH="529" HEIGHT="51">
            <Shape><Polygon POINTS="1174 1773 1174 1792 1699 1787 1701 1769 1694 1741 1172 1741 1174 1773"/></Shape>
	    <String CONTENT="antes sea tal traydor que nõ" HPOS="1172" VPOS="1741" WIDTH="529" HEIGHT="51" WC="0.987569965165237"/>
          </TextLine>

          
          
          <TextLine ID="eSc_line_efd6d4dd" TAGREFS="LT2566" BASELINE="1174 1821 1708 1813" HPOS="1169" VPOS="1782" WIDTH="536" HEIGHT="62">
            <Shape><Polygon POINTS="1172 1819 1172 1835 1523 1844 1525 1844 1703 1828 1705 1812 1699 1782 1169 1787 1172 1819"/></Shape>
	    <String CONTENT="se pueda ce sent saluar ⁊ da" HPOS="1169" VPOS="1782" WIDTH="536" HEIGHT="62" WC="0.976968543870108"/>
          </TextLine>

          
          
          <TextLine ID="eSc_line_9c85bc7a" TAGREFS="LT2566" BASELINE="1175 1866 1707 1859" HPOS="1172" VPOS="1828" WIDTH="533" HEIGHT="64">
            <Shape><Polygon POINTS="1174 1865 1174 1881 1516 1892 1518 1892 1664 1890 1667 1890 1705 1874 1705 1858 1699 1828 1172 1833 1174 1865"/></Shape>
	    <String CONTENT="li adelant noara bien fert᷑a" HPOS="1172" VPOS="1828" WIDTH="533" HEIGHT="64" WC="0.98919732442924"/>
          </TextLine>

          
          
          <TextLine ID="eSc_line_65f2cf96" TAGREFS="LT2566" BASELINE="1174 1912 1705 1907" HPOS="1169" VPOS="1876" WIDTH="534" HEIGHT="96">
            <Shape><Polygon POINTS="1172 1910 1172 1958 1222 1951 1240 1960 1254 1965 1256 1965 1258 1965 1261 1965 1277 1958 1295 1949 1304 1958 1318 1969 1320 1969 1322 1969 1325 1972 1413 1972 1413 1969 1416 1969 1418 1969 1439 1953 1441 1953 1443 1953 1569 1967 1571 1967 1573 1967 1575 1967 1603 1949 1607 1947 1703 1947 1703 1906 1696 1876 1169 1878 1172 1910"/></Shape>
	    <String CONTENT="ae mi mii de mio parentes" HPOS="1169" VPOS="1876" WIDTH="534" HEIGHT="96" WC="0.979845902919769"/>
          </TextLine>

          
        </TextBlock>
        
        <TextBlock HPOS="306" VPOS="1748" WIDTH="129" HEIGHT="76" ID="eSc_textblock_3cd539e3" TAGREFS="BT7620">
          <Shape><Polygon POINTS="306 1748 306 1824 435 1824 435 1748"/></Shape>
          
          
          <TextLine ID="eSc_line_35e7abb3" TAGREFS="LT2566" BASELINE="303 1786 447 1786" HPOS="301" VPOS="1741" WIDTH="145" HEIGHT="135">
            <Shape><Polygon POINTS="392 1748 369 1748 346 1748 323 1748 321 1741 301 1746 301 1785 301 1871 374 1876 376 1876 378 1876 380 1876 394 1865 401 1860 446 1860 446 1785 446 1755 410 1748 392 1748"/></Shape>
	    <String CONTENT="suoy" HPOS="301" VPOS="1741" WIDTH="145" HEIGHT="135" WC="0.987333431839943"/>
          </TextLine>

          
        </TextBlock>
        
        <TextBlock HPOS="1904" VPOS="400" WIDTH="567" HEIGHT="1592" ID="eSc_textblock_c1dfe684" TAGREFS="BT7619">
          <Shape><Polygon POINTS="1904 417 1904 1992 2471 1992 2465 400"/></Shape>
          
          
          <TextLine ID="eSc_line_bc873e81" TAGREFS="LT2566" BASELINE="1905 456 2446 445" HPOS="1904" VPOS="401" WIDTH="540" HEIGHT="70">
            <Shape><Polygon POINTS="2426 401 2403 401 2380 403 2358 403 2335 403 2312 403 2289 405 2266 405 2244 405 2221 408 2198 408 2175 408 2152 408 2130 410 2107 410 2084 410 2061 410 2038 412 2016 412 1993 412 1970 414 1947 414 1924 414 1904 456 1904 471 2442 460 2444 444 2437 401 2426 401"/></Shape>
	    <String CONTENT="comin de alguno de mios Ri" HPOS="1904" VPOS="401" WIDTH="540" HEIGHT="70" WC="0.985320701048924"/>
          </TextLine>

          
          
          <TextLine ID="eSc_line_f7cc2bde" TAGREFS="LT2566" BASELINE="1905 507 2455 489" HPOS="1904" VPOS="453" WIDTH="549" HEIGHT="78">
            <Shape><Polygon POINTS="1904 506 1904 519 1954 531 1956 531 2453 501 2453 487 2447 453 1915 471 1904 506"/></Shape>
	    <String CONTENT="cos hombres. ni de ninguno" HPOS="1904" VPOS="453" WIDTH="549" HEIGHT="78" WC="0.993849389828168"/>
          </TextLine>

          
          
          <TextLine ID="eSc_line_cc5c1b6e" TAGREFS="LT2566" BASELINE="2487 535 2993 528" HPOS="2483" VPOS="492" WIDTH="509" HEIGHT="57">
            <Shape><Polygon POINTS="2485 533 2485 549 2989 542 2992 526 2985 492 2483 494 2485 533"/></Shape>
	    <String CONTENT="ere o matare adalgun no" HPOS="2483" VPOS="492" WIDTH="509" HEIGHT="57" WC="0.994554571483446"/>
          </TextLine>

          
          
          <TextLine ID="eSc_line_aac653cc" TAGREFS="LT2566" BASELINE="1906 553 2105 547 2467 536" HPOS="1904" VPOS="494" WIDTH="561" HEIGHT="71">
            <Shape><Polygon POINTS="1904 551 1904 565 2465 549 2465 535 2458 494 1920 513 1904 551"/></Shape>
	    <String CONTENT="que miobien tienga. adu:" HPOS="1904" VPOS="494" WIDTH="561" HEIGHT="71" WC="0.993704882760843"/>
          </TextLine>

          
          
          <TextLine ID="eSc_line_53fa97ad" TAGREFS="LT2566" BASELINE="1906 594 2472 579" HPOS="1904" VPOS="547" WIDTH="565" HEIGHT="61">
            <Shape><Polygon POINTS="1904 592 1904 608 2469 590 2469 576 2463 547 1917 560 1904 592"/></Shape>
	    <String CONTENT="aeue ser en corrudõ de quoãt" HPOS="1904" VPOS="547" WIDTH="565" HEIGHT="61" WC="0.97338726123174"/>
          </TextLine>

          
          
          <TextLine ID="eSc_line_18febc92" TAGREFS="LT2566" BASELINE="1908 635 2449 623" HPOS="1904" VPOS="592" WIDTH="543" HEIGHT="55">
            <Shape><Polygon POINTS="1906 633 1906 647 2444 636 2447 622 2440 592 1904 599 1906 633"/></Shape>
	    <String CONTENT="ouere. ⁊ dames quoando ce" HPOS="1904" VPOS="592" WIDTH="543" HEIGHT="55" WC="0.976451873779297"/>
          </TextLine>

          
          
          <TextLine ID="eSc_line_151bb44c" TAGREFS="LT2566" BASELINE="1910 677 2452 662" HPOS="1906" VPOS="631" WIDTH="545" HEIGHT="62">
            <Shape><Polygon POINTS="1908 674 1908 693 2406 690 2408 690 2451 677 2451 661 2444 631 1906 642 1908 674"/></Shape>
	    <String CONTENT="fidalgo fuere desafiado en m̃" HPOS="1906" VPOS="631" WIDTH="545" HEIGHT="62" WC="0.992401400516773"/>
          </TextLine>

          
          
          <TextLine ID="eSc_line_b991445e" TAGREFS="LT2566" BASELINE="1910 719 2475 708" HPOS="1906" VPOS="677" WIDTH="568" HEIGHT="59">
            <Shape><Polygon POINTS="1908 718 1908 731 2358 736 2360 736 2474 720 2474 706 2467 677 1906 686 1908 718"/></Shape>
	    <String CONTENT="cado delant mio alcalde .i. ui" HPOS="1906" VPOS="677" WIDTH="568" HEIGHT="59" WC="0.994411156574885"/>
          </TextLine>

          
          
          <TextLine ID="eSc_line_cfad56c7" TAGREFS="LT2566" BASELINE="1913 766 2454 752" HPOS="1908" VPOS="720" WIDTH="545" HEIGHT="66">
            <Shape><Polygon POINTS="1911 763 1911 779 2177 786 2180 786 2453 766 2453 750 2447 720 1908 731 1911 763"/></Shape>
	    <String CONTENT="cauaylleres otros el alcald'̾" HPOS="1908" VPOS="720" WIDTH="545" HEIGHT="66" WC="0.977549398767537"/>
          </TextLine>

          
          
          <TextLine ID="eSc_line_b77ad9b1" TAGREFS="LT2566" BASELINE="1913 813 2463 796" HPOS="1908" VPOS="763" WIDTH="552" HEIGHT="66">
            <Shape><Polygon POINTS="1911 811 1911 825 2221 829 2223 829 2460 809 2460 795 2453 763 1908 777 1911 811"/></Shape>
	    <String CONTENT="fagapregonar aqueyl desafi" HPOS="1908" VPOS="763" WIDTH="552" HEIGHT="66" WC="0.981589686412078"/>
          </TextLine>

          
          
          <TextLine ID="eSc_line_e316ff22" TAGREFS="LT2566" BASELINE="1911 858 2466 842" HPOS="1906" VPOS="809" WIDTH="559" HEIGHT="59">
            <Shape><Polygon POINTS="1908 857 1908 868 2465 855 2465 841 2458 809 1906 820 1908 857"/></Shape>
	    <String CONTENT="alẽtoͬ en el mercado. ⁊ esto fei" HPOS="1906" VPOS="809" WIDTH="559" HEIGHT="59" WC="0.986642497958559"/>
          </TextLine>

          
          
          <TextLine ID="eSc_line_536ecdcc" TAGREFS="LT2566" BASELINE="1914 898 2454 887" HPOS="1911" VPOS="855" WIDTH="542" HEIGHT="61">
            <Shape><Polygon POINTS="1913 896 1913 909 2314 916 2317 916 2453 900 2453 886 2447 855 1911 861 1913 896"/></Shape>
	    <String CONTENT="to desi adelant tienga se por" HPOS="1911" VPOS="855" WIDTH="542" HEIGHT="61" WC="0.965176878304317"/>
          </TextLine>

          
          
          <TextLine ID="eSc_line_df29c5cd" TAGREFS="LT2566" BASELINE="1914 947 2452 933" HPOS="1911" VPOS="900" WIDTH="540" HEIGHT="66">
            <Shape><Polygon POINTS="1913 946 1913 959 2177 966 2180 966 2451 946 2451 932 2444 900 1911 912 1913 946"/></Shape>
	    <String CONTENT="desafiado. Maguera que nõ" HPOS="1911" VPOS="900" WIDTH="540" HEIGHT="66" WC="0.954922570632054"/>
          </TextLine>

          
          
          <TextLine ID="eSc_line_28520c06" TAGREFS="LT2566" BASELINE="1917 994 2463 981" HPOS="1913" VPOS="948" WIDTH="547" HEIGHT="71">
            <Shape><Polygon POINTS="1915 991 1915 1005 2020 1019 2022 1019 2136 1005 2408 1010 2410 1010 2412 1010 2460 994 2460 980 2453 948 1913 957 1915 991"/></Shape>
	    <String CONTENT="sean delant aylli es desafiado" HPOS="1913" VPOS="948" WIDTH="547" HEIGHT="71" WC="0.983875741561254"/>
          </TextLine>

          
          
          <TextLine ID="eSc_line_6aab05b7" TAGREFS="LT2566" BASELINE="1930 1041 2452 1029" HPOS="1927" VPOS="996" WIDTH="524" HEIGHT="61">
            <Shape><Polygon POINTS="1929 1039 1929 1057 2449 1046 2451 1028 2444 996 1927 1005 1929 1039"/></Shape>
	    <String CONTENT="¶ Empo el ome delinage." HPOS="1927" VPOS="996" WIDTH="524" HEIGHT="61" WC="0.987115914406984"/>
          </TextLine>

          
          
          <TextLine ID="eSc_line_dfcda91c" TAGREFS="LT2566" BASELINE="1919 1085 2452 1073" HPOS="1915" VPOS="1044" WIDTH="536" HEIGHT="57">
            <Shape><Polygon POINTS="1917 1083 1917 1101 2449 1089 2451 1071 2444 1044 1915 1053 1917 1083"/></Shape>
	    <String CONTENT="maguer que aya desafiado" HPOS="1915" VPOS="1044" WIDTH="536" HEIGHT="57" WC="0.960030349592368"/>
          </TextLine>

          
          
          <TextLine ID="eSc_line_ea6f113c" TAGREFS="LT2566" BASELINE="1917 1127 2460 1117" HPOS="1913" VPOS="1085" WIDTH="545" HEIGHT="68">
            <Shape><Polygon POINTS="1915 1126 1915 1144 2127 1153 2130 1153 2456 1133 2458 1114 2451 1085 1913 1094 1915 1126"/></Shape>
	    <String CONTENT="al õtro ome de linage. o dela" HPOS="1913" VPOS="1085" WIDTH="545" HEIGHT="68" WC="0.978954287370046"/>
          </TextLine>

          
          
          <TextLine ID="eSc_line_a8cf241b" TAGREFS="LT2566" BASELINE="1919 1176 2463 1161" HPOS="1915" VPOS="1130" WIDTH="545" HEIGHT="62">
            <Shape><Polygon POINTS="1917 1174 1917 1190 2269 1192 2271 1192 2460 1174 2460 1160 2453 1130 1915 1142 1917 1174"/></Shape>
	    <String CONTENT="nt .iiii. o en el mereado ante" HPOS="1915" VPOS="1130" WIDTH="545" HEIGHT="62" WC="0.966285278399785"/>
          </TextLine>

          
          
          <TextLine ID="eSc_line_54c9c9f8" TAGREFS="LT2566" BASELINE="1922 1219 2463 1205" HPOS="1917" VPOS="1174" WIDTH="543" HEIGHT="66">
            <Shape><Polygon POINTS="1920 1217 1920 1233 2187 1240 2189 1240 2460 1219 2460 1203 2453 1174 1917 1185 1920 1217"/></Shape>
	    <String CONTENT="mio alcalde assi como de suso" HPOS="1917" VPOS="1174" WIDTH="543" HEIGHT="66" WC="0.979560948651412"/>
          </TextLine>

          
          
          <TextLine ID="eSc_line_af7b1f81" TAGREFS="LT2566" BASELINE="1923 1264 2455 1251" HPOS="1920" VPOS="1219" WIDTH="533" HEIGHT="66">
            <Shape><Polygon POINTS="1922 1263 1922 1279 2184 1285 2187 1285 2453 1265 2453 1249 2447 1219 1920 1231 1922 1263"/></Shape>
	    <String CONTENT="es escͥpto. noenuae: ca nin" HPOS="1920" VPOS="1219" WIDTH="533" HEIGHT="66" WC="0.993551580994217"/>
          </TextLine>

          
          
          <TextLine ID="eSc_line_46d92bc4" TAGREFS="LT2566" BASELINE="1923 1313 2469 1298" HPOS="1920" VPOS="1265" WIDTH="547" HEIGHT="73">
            <Shape><Polygon POINTS="1922 1311 1922 1324 1952 1338 1954 1338 1956 1338 2102 1336 2467 1311 2467 1297 2460 1265 1920 1276 1922 1311"/></Shape>
	    <String CONTENT="fierga min mate al desafiado" HPOS="1920" VPOS="1265" WIDTH="547" HEIGHT="73" WC="0.992727997047561"/>
          </TextLine>

          
          
          <TextLine ID="eSc_line_00037695" TAGREFS="LT2566" BASELINE="1925 1357 2463 1343" HPOS="1922" VPOS="1313" WIDTH="538" HEIGHT="68">
            <Shape><Polygon POINTS="1924 1356 1924 1372 2095 1381 2098 1381 2378 1363 2424 1372 2426 1372 2428 1372 2460 1358 2460 1342 2453 1313 1922 1324 1924 1356"/></Shape>
	    <String CONTENT="ata .x. dias que passen del:" HPOS="1922" VPOS="1313" WIDTH="538" HEIGHT="68" WC="0.97753189929894"/>
          </TextLine>

          
          
          <TextLine ID="eSc_line_62119394" TAGREFS="LT2566" BASELINE="1925 1403 2458 1387" HPOS="1922" VPOS="1356" WIDTH="534" HEIGHT="66">
            <Shape><Polygon POINTS="1924 1402 1924 1418 2301 1422 2303 1422 2456 1402 2456 1386 2449 1356 1922 1370 1924 1402"/></Shape>
	    <String CONTENT="aesafiamiento pregonado" HPOS="1922" VPOS="1356" WIDTH="534" HEIGHT="66" WC="0.974889034810274"/>
          </TextLine>

          
          
          <TextLine ID="eSc_line_17844f3c" TAGREFS="LT2566" BASELINE="1926 1448 2461 1433" HPOS="1922" VPOS="1393" WIDTH="538" HEIGHT="73">
            <Shape><Polygon POINTS="1924 1447 1924 1466 2383 1466 2383 1463 2460 1447 2460 1431 2453 1393 1922 1415 1924 1447"/></Shape>
	    <String CONTENT="en el mereado ⁊ si por̾ uentur̾" HPOS="1922" VPOS="1393" WIDTH="538" HEIGHT="73" WC="0.977613533696821"/>
          </TextLine>

          
          
          <TextLine ID="eSc_line_64c0fe69" TAGREFS="LT2566" BASELINE="1928 1494 2484 1480" HPOS="1924" VPOS="1447" WIDTH="559" HEIGHT="64">
            <Shape><Polygon POINTS="1927 1493 1927 1511 2481 1497 2483 1479 2476 1447 1924 1459 1927 1493"/></Shape>
	    <String CONTENT="enuarere oferiere omatair." HPOS="1924" VPOS="1447" WIDTH="559" HEIGHT="64" WC="0.976366847753525"/>
          </TextLine>

          
          
          <TextLine ID="eSc_line_eaabe70c" TAGREFS="LT2566" BASELINE="1929 1535 2464 1524" HPOS="1924" VPOS="1493" WIDTH="539" HEIGHT="61">
            <Shape><Polygon POINTS="1927 1534 1927 1552 2428 1554 2431 1554 2433 1554 2463 1539 2463 1523 2456 1493 1924 1502 1927 1534"/></Shape>
	    <String CONTENT="ante que pasen los .x. dias." HPOS="1924" VPOS="1493" WIDTH="539" HEIGHT="61" WC="0.979658854859216"/>
          </TextLine>

          
          
          <TextLine ID="eSc_line_529d2053" TAGREFS="LT2566" BASELINE="1931 1588 2476 1570" HPOS="1927" VPOS="1536" WIDTH="547" HEIGHT="64">
            <Shape><Polygon POINTS="1929 1586 1929 1600 2474 1586 2474 1568 2467 1536 1927 1552 1929 1586"/></Shape>
	    <String CONTENT="sea tal traydor que non se pu" HPOS="1927" VPOS="1536" WIDTH="547" HEIGHT="64" WC="0.974635722308323"/>
          </TextLine>

          
          
          <TextLine ID="eSc_line_7e10edd4" TAGREFS="LT2566" BASELINE="1934 1631 2455 1615" HPOS="1931" VPOS="1584" WIDTH="522" HEIGHT="64">
            <Shape><Polygon POINTS="1933 1630 1933 1646 2221 1648 2223 1648 2453 1627 2453 1614 2447 1584 1931 1598 1933 1630"/></Shape>
	    <String CONTENT="eda ende saluar. ⁊ daylli ade" HPOS="1931" VPOS="1584" WIDTH="522" HEIGHT="64" WC="0.992542295620359"/>
          </TextLine>

          
          
          <TextLine ID="eSc_line_2abc450d" TAGREFS="LT2566" BASELINE="1932 1669 2461 1658" HPOS="1929" VPOS="1627" WIDTH="531" HEIGHT="60">
            <Shape><Polygon POINTS="1931 1668 1931 1687 2458 1675 2460 1657 2453 1627 1929 1637 1931 1668"/></Shape>
	    <String CONTENT="iant no aya bien feytura de" HPOS="1929" VPOS="1627" WIDTH="531" HEIGHT="60" WC="0.977007574505276"/>
          </TextLine>

          
          
          <TextLine ID="eSc_line_947e194a" TAGREFS="LT2566" BASELINE="1932 1716 2470 1702" HPOS="1929" VPOS="1671" WIDTH="540" HEIGHT="70">
            <Shape><Polygon POINTS="1931 1714 1931 1730 2009 1741 2011 1741 2469 1719 2469 1700 2463 1671 1929 1682 1931 1714"/></Shape>
	    <String CONTENT="mni. ni deiios ticos hombres" HPOS="1929" VPOS="1671" WIDTH="540" HEIGHT="70" WC="0.942173595939364"/>
          </TextLine>

          
          
          <TextLine ID="eSc_line_3c6b34b8" TAGREFS="LT2566" BASELINE="1940 1760 2479 1745" HPOS="1936" VPOS="1714" WIDTH="540" HEIGHT="64">
            <Shape><Polygon POINTS="1938 1757 1938 1776 2280 1778 2282 1778 2476 1760 2476 1744 2469 1714 1936 1725 1938 1757"/></Shape>
	    <String CONTENT="nnn de aqueyllos que el mio" HPOS="1936" VPOS="1714" WIDTH="540" HEIGHT="64" WC="0.960491527009893"/>
          </TextLine>

          
          
          <TextLine ID="eSc_line_9716456b" TAGREFS="LT2566" BASELINE="1934 1801 2479 1786" HPOS="1931" VPOS="1755" WIDTH="545" HEIGHT="71">
            <Shape><Polygon POINTS="1933 1798 1933 1819 2200 1826 2203 1826 2474 1805 2476 1785 2469 1755 1931 1767 1933 1798"/></Shape>
	    <String CONTENT="bien prenden ⁊ sca en corrudo" HPOS="1931" VPOS="1755" WIDTH="545" HEIGHT="71" WC="0.97784713218952"/>
          </TextLine>

          
          
          <TextLine ID="eSc_line_eccc40e2" TAGREFS="LT2566" BASELINE="1935 1849 2470 1834" HPOS="1931" VPOS="1803" WIDTH="538" HEIGHT="62">
            <Shape><Polygon POINTS="1933 1846 1933 1862 2371 1865 2374 1865 2469 1846 2469 1833 2463 1803 1931 1814 1933 1846"/></Shape>
	    <String CONTENT="ce quoanto ouiere De qͥ cap" HPOS="1931" VPOS="1803" WIDTH="538" HEIGHT="62" WC="0.97591805016553"/>
          </TextLine>

          
          
          <TextLine ID="eSc_line_1ca0551c" TAGREFS="LT2566" BASELINE="1935 1892 2470 1880" HPOS="1931" VPOS="1849" WIDTH="538" HEIGHT="84">
            <Shape><Polygon POINTS="1933 1890 1933 1915 2050 1915 2063 1917 2118 1933 2120 1933 2123 1933 2125 1933 2175 1919 2198 1931 2200 1931 2203 1931 2296 1922 2335 1917 2467 1922 2469 1878 2463 1849 1931 1860 1933 1890"/></Shape>
	    <String CONTENT="tiene al ifãgõ q̃ fiere omata sĩ" HPOS="1931" VPOS="1849" WIDTH="538" HEIGHT="84" WC="0.943441811629704"/>
          </TextLine>

          
          
          <TextLine ID="eSc_line_9dc22667" TAGREFS="LT2566" BASELINE="1937 1941 2137 1947" HPOS="1933" VPOS="1899" WIDTH="203" HEIGHT="107">
            <Shape><Polygon POINTS="1936 1940 1933 1985 2132 2006 2136 1944 2134 1912 2036 1899 2034 1899 1936 1906 1936 1940"/></Shape>
	    <String CONTENT="desafiar" HPOS="1933" VPOS="1899" WIDTH="203" HEIGHT="107" WC="0.976408913731575"/>
          </TextLine>

          
        </TextBlock>
        
        <TextBlock HPOS="1760" VPOS="838" WIDTH="121" HEIGHT="101" ID="eSc_textblock_697e7c13" TAGREFS="BT7620">
          <Shape><Polygon POINTS="1760 838 1760 939 1881 939 1881 838"/></Shape>
          
          
          <TextLine ID="eSc_line_ff7b148f" TAGREFS="LT2566" BASELINE="1767 869 1797 869 1868 870" HPOS="1765" VPOS="839" WIDTH="102" HEIGHT="171">
            <Shape><Polygon POINTS="1856 839 1833 839 1810 839 1787 839 1765 839 1765 868 1765 996 1799 1010 1801 1010 1803 1010 1806 1010 1808 1010 1808 1007 1829 989 1833 987 1867 987 1867 868 1867 839 1856 839"/></Shape>
	    <String CONTENT="u" HPOS="1765" VPOS="839" WIDTH="102" HEIGHT="171" WC="0.98542320728302"/>
          </TextLine>

          
          
          <TextLine ID="eSc_line_9cb566d1" TAGREFS="LT2566" BASELINE="1772 894 1780 894 1797 894 1850 897" HPOS="1762" VPOS="870" WIDTH="87" HEIGHT="183">
            <Shape><Polygon POINTS="1838 870 1815 870 1792 870 1769 870 1769 893 1762 1053 1842 1053 1849 896 1847 870 1838 870"/></Shape>
	    <String CONTENT="u" HPOS="1762" VPOS="870" WIDTH="87" HEIGHT="183" WC="0.998631536960602"/>
          </TextLine>

          
        </TextBlock>
        
        <TextBlock HPOS="2490" VPOS="367" WIDTH="559" HEIGHT="1569" ID="eSc_textblock_666c509b" TAGREFS="BT7619">
          <Shape><Polygon POINTS="3018 367 3049 1930 2490 1936 2490 367"/></Shape>
          
          
          <TextLine ID="eSc_line_790ae1a1" TAGREFS="LT2566" BASELINE="2502 446 2555 445 3007 439" HPOS="2499" VPOS="387" WIDTH="506" HEIGHT="71">
            <Shape><Polygon POINTS="2501 444 2501 458 3003 449 3005 437 3001 396 2659 387 2656 387 2654 387 2652 387 2652 389 2650 389 2643 401 2499 401 2501 444"/></Shape>
	    <String CONTENT="i algun ynfancon qal qui" HPOS="2499" VPOS="387" WIDTH="506" HEIGHT="71" WC="0.956559973458449"/>
          </TextLine>

          
          
          <TextLine ID="eSc_line_13820713" TAGREFS="LT2566" BASELINE="2500 492 2586 491 3017 484" HPOS="2497" VPOS="446" WIDTH="517" HEIGHT="69">
            <Shape><Polygon POINTS="2499 490 2499 515 3012 497 3014 483 3008 446 2497 446 2499 490"/></Shape>
	    <String CONTENT="ere sea en estas cosas en ut̾" HPOS="2497" VPOS="446" WIDTH="517" HEIGHT="69" WC="0.972610525016127"/>
          </TextLine>

          
          
          <TextLine ID="eSc_line_593feec1" TAGREFS="LT2566" BASELINE="2492 579 3008 571" HPOS="2490" VPOS="538" WIDTH="515" HEIGHT="54">
            <Shape><Polygon POINTS="2490 576 2490 592 3003 585 3005 570 2998 538 2504 542 2490 576"/></Shape>
	    <String CONTENT="ble porlinage sii desafiam" HPOS="2490" VPOS="538" WIDTH="515" HEIGHT="54" WC="0.97671105999213"/>
          </TextLine>

          
          
          <TextLine ID="eSc_line_d5ca1f4b" TAGREFS="LT2566" BASELINE="2494 623 3004 615" HPOS="2490" VPOS="581" WIDTH="513" HEIGHT="55">
            <Shape><Polygon POINTS="2492 622 2492 636 3001 627 3003 613 2996 581 2490 588 2492 622"/></Shape>
	    <String CONTENT="iento delant mi oen met" HPOS="2490" VPOS="581" WIDTH="513" HEIGHT="55" WC="0.99182811509008"/>
          </TextLine>

          
          
          <TextLine ID="eSc_line_d322a843" TAGREFS="LT2566" BASELINE="2497 662 3017 658" HPOS="2492" VPOS="624" WIDTH="522" HEIGHT="53">
            <Shape><Polygon POINTS="2494 661 2494 677 3012 672 3014 656 3008 624 2492 627 2494 661"/></Shape>
	    <String CONTENT="cado ante mio alcalde en la" HPOS="2492" VPOS="624" WIDTH="522" HEIGHT="53" WC="0.984781543413798"/>
          </TextLine>

          
          
          <TextLine ID="eSc_line_44d8f9c7" TAGREFS="LT2566" BASELINE="2495 706 3022 702" HPOS="2492" VPOS="661" WIDTH="529" HEIGHT="68">
            <Shape><Polygon POINTS="2494 704 2494 720 2752 729 2754 729 3021 713 3021 699 3014 661 2492 670 2494 704"/></Shape>
	    <String CONTENT="manera que te suso es dit:" HPOS="2492" VPOS="661" WIDTH="529" HEIGHT="68" WC="0.962158558460382"/>
          </TextLine>

          
          
          <TextLine ID="eSc_line_453aca3b" TAGREFS="LT2566" BASELINE="2497 750 3005 746" HPOS="2492" VPOS="715" WIDTH="511" HEIGHT="48">
            <Shape><Polygon POINTS="2494 747 2494 763 3001 761 3003 745 2996 715 2492 715 2494 747"/></Shape>
	    <String CONTENT="oen cara enpues el desafia" HPOS="2492" VPOS="715" WIDTH="511" HEIGHT="48" WC="0.979089679626318"/>
          </TextLine>

          
          
          <TextLine ID="eSc_line_47469137" TAGREFS="LT2566" BASELINE="2501 795 3008 791" HPOS="2497" VPOS="754" WIDTH="508" HEIGHT="57">
            <Shape><Polygon POINTS="2499 793 2499 811 3003 807 3005 788 2998 754 2497 761 2499 793"/></Shape>
	    <String CONTENT="miento ante que passe los." HPOS="2497" VPOS="754" WIDTH="508" HEIGHT="57" WC="0.982561141252518"/>
          </TextLine>

          
          
          <TextLine ID="eSc_line_0f17e30b" TAGREFS="LT2566" BASELINE="2497 842 3033 836" HPOS="2492" VPOS="798" WIDTH="538" HEIGHT="57">
            <Shape><Polygon POINTS="2494 841 2494 855 3028 850 3030 834 3024 798 2492 804 2494 841"/></Shape>
	    <String CONTENT="x.dias. si en uayere ofetiere." HPOS="2492" VPOS="798" WIDTH="538" HEIGHT="57" WC="0.979375314712524"/>
          </TextLine>

          
          
          <TextLine ID="eSc_line_829a9ce0" TAGREFS="LT2566" BASELINE="2500 886 3021 880" HPOS="2497" VPOS="845" WIDTH="522" HEIGHT="55">
            <Shape><Polygon POINTS="2499 884 2499 900 3017 893 3019 877 3012 845 2497 850 2499 884"/></Shape>
	    <String CONTENT="omatare. aqueyll qui capte" HPOS="2497" VPOS="845" WIDTH="522" HEIGHT="55" WC="0.990917909603853"/>
          </TextLine>

          
          
          <TextLine ID="eSc_line_f0e0d76b" TAGREFS="LT2566" BASELINE="2503 931 3028 925" HPOS="2499" VPOS="891" WIDTH="527" HEIGHT="55">
            <Shape><Polygon POINTS="2501 930 2501 946 3024 939 3026 923 3019 891 2499 896 2501 930"/></Shape>
	    <String CONTENT="ira odeffendra adaqueylmͣl" HPOS="2499" VPOS="891" WIDTH="527" HEIGHT="55" WC="0.995796758394975"/>
          </TextLine>

          
          
          <TextLine ID="eSc_line_5e3f7d77" TAGREFS="LT2566" BASELINE="2506 977 3021 971" HPOS="2501" VPOS="937" WIDTH="518" HEIGHT="54">
            <Shape><Polygon POINTS="2504 975 2504 991 3017 984 3019 969 3012 937 2501 941 2504 975"/></Shape>
	    <String CONTENT="feytor.s⁊ onneiero desque" HPOS="2501" VPOS="937" WIDTH="518" HEIGHT="54" WC="0.982170298099518"/>
          </TextLine>

          
          
          <TextLine ID="eSc_line_b32e0ac9" TAGREFS="LT2566" BASELINE="2504 1024 3021 1015" HPOS="2499" VPOS="982" WIDTH="520" HEIGHT="66">
            <Shape><Polygon POINTS="2501 1023 2501 1037 2627 1048 2629 1048 3019 1030 3019 1014 3012 982 2499 989 2501 1023"/></Shape>
	    <String CONTENT="fuere iudgado por traydor. se" HPOS="2499" VPOS="982" WIDTH="520" HEIGHT="66" WC="0.993677028294267"/>
          </TextLine>

          
          
          <TextLine ID="eSc_line_94513566" TAGREFS="LT2566" BASELINE="2504 1068 3014 1064" HPOS="2499" VPOS="1021" WIDTH="513" HEIGHT="59">
            <Shape><Polygon POINTS="2501 1067 2501 1080 3010 1076 3012 1062 3008 1032 2823 1021 2821 1021 2499 1035 2501 1067"/></Shape>
	    <String CONTENT="a tal trardor quoal ẜia si el" HPOS="2499" VPOS="1021" WIDTH="513" HEIGHT="59" WC="0.993996322154999"/>
          </TextLine>

          
          
          <TextLine ID="eSc_line_c1f56f17" TAGREFS="LT2566" BASELINE="2506 1111 3016 1103" HPOS="2501" VPOS="1071" WIDTH="513" HEIGHT="55">
            <Shape><Polygon POINTS="2504 1110 2504 1126 3012 1117 3014 1101 3008 1071 2501 1078 2504 1110"/></Shape>
	    <String CONTENT="mesmosies desafiado lo o" HPOS="2501" VPOS="1071" WIDTH="513" HEIGHT="55" WC="0.997270703315735"/>
          </TextLine>

          
          
          <TextLine ID="eSc_line_1bb747a3" TAGREFS="LT2566" BASELINE="2504 1156 3057 1152" HPOS="2499" VPOS="1119" WIDTH="556" HEIGHT="59">
            <Shape><Polygon POINTS="2501 1155 2501 1167 2775 1178 2777 1178 2935 1167 3017 1176 3019 1176 3021 1176 3055 1162 3055 1151 3049 1119 2499 1121 2501 1155"/></Shape>
	    <String CONTENT="messe en uayclo ofendo e" HPOS="2499" VPOS="1119" WIDTH="556" HEIGHT="59" WC="0.967271395027637"/>
          </TextLine>

          
          
          <TextLine ID="eSc_line_ab9bff4f" TAGREFS="LT2566" BASELINE="2507 1202 3028 1193" HPOS="2504" VPOS="1160" WIDTH="522" HEIGHT="66">
            <Shape><Polygon POINTS="2506 1201 2506 1215 2629 1226 2631 1226 3026 1208 3026 1192 3019 1160 2504 1167 2506 1201"/></Shape>
	    <String CONTENT="consos manos muerto. ESi" HPOS="2504" VPOS="1160" WIDTH="522" HEIGHT="66" WC="0.98163856814305"/>
          </TextLine>

          
          
          <TextLine ID="eSc_line_8c56452f" TAGREFS="LT2566" BASELINE="2509 1247 3025 1238" HPOS="2506" VPOS="1206" WIDTH="518" HEIGHT="66">
            <Shape><Polygon POINTS="2508 1244 2508 1260 2634 1272 2636 1272 3024 1251 3024 1235 3017 1206 2506 1212 2508 1244"/></Shape>
	    <String CONTENT="por uentura el mal feyto o" HPOS="2506" VPOS="1206" WIDTH="518" HEIGHT="66" WC="0.977570957862414"/>
          </TextLine>

          
          
          <TextLine ID="eSc_line_8f61a9bd" TAGREFS="LT2566" BASELINE="2509 1295 3024 1287" HPOS="2506" VPOS="1254" WIDTH="515" HEIGHT="54">
            <Shape><Polygon POINTS="2508 1292 2508 1308 3019 1301 3021 1285 3014 1254 2506 1258 2508 1292"/></Shape>
	    <String CONTENT="el ferumento o el matai" HPOS="2506" VPOS="1254" WIDTH="515" HEIGHT="54" WC="0.978817924209263"/>
          </TextLine>

          
          
          <TextLine ID="eSc_line_8c47ce85" TAGREFS="LT2566" BASELINE="2507 1340 3033 1330" HPOS="2504" VPOS="1290" WIDTH="526" HEIGHT="64">
            <Shape><Polygon POINTS="2506 1338 2506 1354 3028 1345 3030 1329 3024 1290 2504 1304 2506 1338"/></Shape>
	    <String CONTENT="ento non fuesse feyto en sub" HPOS="2504" VPOS="1290" WIDTH="526" HEIGHT="64" WC="0.96409675691809"/>
          </TextLine>

          
          
          <TextLine ID="eSc_line_125bc853" TAGREFS="LT2566" BASELINE="2507 1384 3031 1374" HPOS="2504" VPOS="1340" WIDTH="526" HEIGHT="55">
            <Shape><Polygon POINTS="2506 1383 2506 1395 3028 1386 3030 1372 3024 1340 2504 1349 2506 1383"/></Shape>
	    <String CONTENT="aosa bataylla esties ningu̾a" HPOS="2504" VPOS="1340" WIDTH="526" HEIGHT="55" WC="0.9821474977902"/>
          </TextLine>

          
          
          <TextLine ID="eSc_line_ff176805" TAGREFS="LT2566" BASELINE="2523 1430 3025 1418" HPOS="2520" VPOS="1386" WIDTH="504" HEIGHT="75">
            <Shape><Polygon POINTS="2522 1429 2524 1461 2549 1450 2634 1456 2677 1459 2679 1459 3024 1436 3024 1415 3017 1386 2520 1386 2522 1429"/></Shape>
	    <String CONTENT="sayna uieylla como es dito" HPOS="2520" VPOS="1386" WIDTH="504" HEIGHT="75" WC="0.99315853531544"/>
          </TextLine>

          
          
          <TextLine ID="eSc_line_0a338a38" TAGREFS="LT2566" BASELINE="2523 1477 2580 1474 2689 1469" HPOS="2520" VPOS="1431" WIDTH="168" HEIGHT="62">
            <Shape><Polygon POINTS="2522 1475 2522 1493 2688 1486 2688 1468 2684 1438 2520 1431 2522 1475"/></Shape>
	    <String CONTENT="de suso." HPOS="2520" VPOS="1431" WIDTH="168" HEIGHT="62" WC="0.988716699182987"/>
          </TextLine>

          
          
          <TextLine ID="eSc_line_daf4fe9d" TAGREFS="LT2566" BASELINE="2513 1521 3033 1507" HPOS="2508" VPOS="1472" WIDTH="522" HEIGHT="64">
            <Shape><Polygon POINTS="2510 1520 2510 1536 2955 1536 2955 1534 3030 1518 3030 1504 3024 1472 2508 1475 2510 1520"/></Shape>
	    <String CONTENT="obre esto establecemos que" HPOS="2508" VPOS="1472" WIDTH="522" HEIGHT="64" WC="0.976293279574468"/>
          </TextLine>

          
          
          <TextLine ID="eSc_line_1eff0d28" TAGREFS="LT2566" BASELINE="2503 1565 3033 1550" HPOS="2499" VPOS="1507" WIDTH="531" HEIGHT="95">
            <Shape><Polygon POINTS="2978 1507 2955 1507 2925 1518 2912 1520 2593 1520 2590 1520 2588 1520 2563 1532 2499 1518 2501 1564 2501 1602 2732 1580 2816 1582 2928 1584 2930 1584 3030 1564 3030 1548 3028 1518 2985 1507 2978 1507"/></Shape>
	    <String CONTENT="si algun noble de linage fu" HPOS="2499" VPOS="1507" WIDTH="531" HEIGHT="95" WC="0.97325137147197"/>
          </TextLine>

          
          
          <TextLine ID="eSc_line_462e3b63" TAGREFS="LT2566" BASELINE="2518 1611 3034 1599" HPOS="2515" VPOS="1568" WIDTH="518" HEIGHT="55">
            <Shape><Polygon POINTS="2517 1609 2517 1623 3030 1611 3033 1598 3026 1568 2515 1573 2517 1609"/></Shape>
	    <String CONTENT="ere mas fico omas podero" HPOS="2515" VPOS="1568" WIDTH="518" HEIGHT="55" WC="0.987396332124869"/>
          </TextLine>

          
          
          <TextLine ID="eSc_line_a2e53526" TAGREFS="LT2566" BASELINE="2518 1655 3036 1640" HPOS="2515" VPOS="1609" WIDTH="520" HEIGHT="57">
            <Shape><Polygon POINTS="2517 1653 2517 1666 3035 1653 3035 1639 3028 1609 2515 1621 2517 1653"/></Shape>
	    <String CONTENT="so del otro que sea de linage" HPOS="2515" VPOS="1609" WIDTH="520" HEIGHT="57" WC="0.954517559758548"/>
          </TextLine>

          
          
          <TextLine ID="eSc_line_4ae955bf" TAGREFS="LT2566" BASELINE="2526 1697 3037 1684" HPOS="2522" VPOS="1650" WIDTH="513" HEIGHT="62">
            <Shape><Polygon POINTS="2524 1696 2524 1712 3035 1696 3035 1682 3028 1650 2522 1662 2524 1696"/></Shape>
	    <String CONTENT="et assi como eyl faylliere en" HPOS="2522" VPOS="1650" WIDTH="513" HEIGHT="62" WC="0.991865404720964"/>
          </TextLine>

          
          
          <TextLine ID="eSc_line_680c0555" TAGREFS="LT2566" BASELINE="2518 1741 3037 1726" HPOS="2515" VPOS="1691" WIDTH="520" HEIGHT="64">
            <Shape><Polygon POINTS="2517 1739 2517 1755 3035 1741 3035 1725 3028 1691 2515 1703 2517 1739"/></Shape>
	    <String CONTENT="el sobre dito establecido fũo" HPOS="2515" VPOS="1691" WIDTH="520" HEIGHT="64" WC="0.973907740910848"/>
          </TextLine>

          
          
          <TextLine ID="eSc_line_2b81b6ee" TAGREFS="LT2566" BASELINE="2521 1783 3030 1773" HPOS="2517" VPOS="1741" WIDTH="511" HEIGHT="62">
            <Shape><Polygon POINTS="2520 1782 2520 1798 2821 1803 2823 1803 3028 1785 3028 1771 3021 1741 2517 1751 2520 1782"/></Shape>
	    <String CONTENT="contra al mnos poderosso ⁊" HPOS="2517" VPOS="1741" WIDTH="511" HEIGHT="62" WC="0.974900470330165"/>
          </TextLine>

          
          
          <TextLine ID="eSc_line_70d3de2b" TAGREFS="LT2566" BASELINE="2521 1831 3037 1820" HPOS="2517" VPOS="1780" WIDTH="518" HEIGHT="64">
            <Shape><Polygon POINTS="2520 1830 2520 1844 3035 1833 3035 1819 3028 1780 2517 1796 2520 1830"/></Shape>
	    <String CONTENT="menos noble. non de man" HPOS="2517" VPOS="1780" WIDTH="518" HEIGHT="64" WC="0.983461128628772"/>
          </TextLine>

          
          
          <TextLine ID="eSc_line_f83eca76" TAGREFS="LT2566" BASELINE="2521 1875 3030 1863" HPOS="2517" VPOS="1833" WIDTH="511" HEIGHT="98">
            <Shape><Polygon POINTS="2520 1874 2524 1931 2545 1917 2577 1926 2583 1928 2586 1928 2588 1928 2590 1928 2593 1928 2597 1924 2627 1906 2670 1908 2681 1919 2693 1928 2695 1928 2697 1928 2700 1928 2775 1926 2777 1926 2827 1908 2853 1899 2873 1903 2923 1919 2925 1919 2928 1919 2930 1919 3028 1892 3028 1862 3021 1833 2517 1842 2520 1874"/></Shape>
	    <String CONTENT="ce pur en desafiamiento si" HPOS="2517" VPOS="1833" WIDTH="511" HEIGHT="98" WC="0.962236154537935"/>
          </TextLine>

          
        </TextBlock>
        
        <TextBlock HPOS="3052" VPOS="855" WIDTH="121" HEIGHT="129" ID="eSc_textblock_07b980fe" TAGREFS="BT7620">
          <Shape><Polygon POINTS="3052 855 3052 984 3173 984 3173 855"/></Shape>
          
          
          <TextLine ID="eSc_line_03f3e5ca" TAGREFS="LT2566" BASELINE="3063 916 3142 916" HPOS="3062" VPOS="800" WIDTH="78" HEIGHT="210">
            <Shape><Polygon POINTS="3062 1000 3074 1010 3076 1010 3078 1010 3081 1010 3140 996 3140 914 3140 811 3099 800 3097 800 3094 800 3092 800 3062 811 3062 914"/></Shape>
	    <String CONTENT="ce pur en desafiamiento si" HPOS="3062" VPOS="800" WIDTH="78" HEIGHT="210" WC="0.674350798130035"/>
          </TextLine>

          
        </TextBlock>
        
        <TextBlock HPOS="2459" VPOS="310" WIDTH="93" HEIGHT="200" ID="eSc_textblock_e12f5200" TAGREFS="BT7618">
          <Shape><Polygon POINTS="2462 310 2459 499 2552 510 2552 310"/></Shape>
          
        </TextBlock>
        
        <TextBlock HPOS="1039" VPOS="249" WIDTH="149" HEIGHT="98" ID="eSc_textblock_cfd0bcfa" TAGREFS="BT7622">
          <Shape><Polygon POINTS="1039 249 1039 347 1188 347 1188 249"/></Shape>
          
        </TextBlock>
        
        <TextBlock HPOS="2389" VPOS="215" WIDTH="155" HEIGHT="87" ID="eSc_textblock_11829d0e" TAGREFS="BT7622">
          <Shape><Polygon POINTS="2389 215 2389 302 2544 302 2544 215"/></Shape>
          
        </TextBlock>
        
        <TextBlock HPOS="2473" VPOS="1372" WIDTH="90" HEIGHT="216" ID="eSc_textblock_651946d9" TAGREFS="BT7618">
          <Shape><Polygon POINTS="2473 1372 2473 1588 2563 1588 2563 1372"/></Shape>
          
        </TextBlock>
        
        <TextBlock HPOS="1140" VPOS="1054" WIDTH="84" HEIGHT="208" ID="eSc_textblock_b8589306" TAGREFS="BT7618">
          <Shape><Polygon POINTS="1140 1054 1140 1262 1224 1262 1224 1054"/></Shape>
          
        </TextBlock>
        
        <TextBlock HPOS="1126" VPOS="411" WIDTH="87" HEIGHT="245" ID="eSc_textblock_8b22dd05" TAGREFS="BT7618">
          <Shape><Polygon POINTS="1126 411 1126 656 1213 656 1213 411"/></Shape>
          
        </TextBlock>
        
        <TextBlock HPOS="3324" VPOS="125" WIDTH="112" HEIGHT="90" ID="eSc_textblock_f00f00f7" TAGREFS="BT7622">
          <Shape><Polygon POINTS="3324 125 3324 215 3436 215 3436 125"/></Shape>
          
        </TextBlock>
        

        
      </PrintSpace>
    </Page>
  </Layout>
</alto>
