3568 2736
574 428 541 55 nar arras con conseyllo de

572 476 536 64 los Ricos ombres de la t̃ra.

574 528 532 64 o.xii. sauios.⁊ asi aquest mͣ

574 574 521 48 or fillo casado ouiere fillos

572 613 534 64 de leal coniugio que lo here

574 661 546 50 de su fillo maor otro si como

572 704 529 59 eyl fezo. Et si por uentura

577 752 540 52 muere el qui regna sines fil

574 793 532 66 los de leal coniugio q̃ hered̃

579 843 532 48 el Regno el maor delos hermͣ

577 884 529 59 nos que fuere de leal cõiugi

574 930 518 50 o. ¶Otrosi tal fũo es de cas

593 978 513 52 tieyllo de Ricombre qͦando

593 1021 508 55 los padres no han sino.i. so

597 1064 495 64 lo castieyllo.De jurgar pre

595 1110 509 61 stablimos por fũo que ensos

584 1155 517 64 ningũa ecc̃a p̾ncipal de siet

579 1206 516 61 o de uilla capdal en las.iij.

579 1251 522 60 pascoas de Nadal.⁊ pascoa de

574 1297 527 50 qͦaresma i depenta costa en

579 1345 520 59 las qͦales.iij. pascoas todo fi-

574 1388 525 50 del x̃ano deue confessar ⁊ co-

574 1431 521 60 nungar.⁊ non sean ditas ho

579 1472 527 55 ras dela fiesta ata q̃los x̃anos

572 1516 527 64 p̃sos que hi fueren sean iur

577 1561 529 69 gados o quitos de la carcer

577 1607 511 57 o dela p̃son. De faz alferiz

549 1650 548 64 t fue establido que todo Rey

574 1700 525 51 de espayna ouies alferiz.q̃

574 1739 525 66 tienga su seyna. ⁊ que aya.

574 1787 523 62 C. cauayllerias i que tien

577 1835 524 50 ga pagados los.C. cauayl

577 1881 538 93 leros.⁊ en casa del Rey mesa

1129 419 568 78 de so cabo. ⁊ en la pascoa flori

1136 485 559 50 da la copa del Rey doro o de

1140 528 550 53 plata por suya ⁊ los uestidos

1142 576 546 51 del Rey ⁊ leyto.⁊.i.cauayllo

1142 617 543 51 que uala.C.morauidis asu

1145 658 556 55 so ⁊ esto fue establido por alaᷤᷤ

1147 709 545 50 uegadas por algunos enbar

1149 756 550 51 gos los Reyes non puedẽ sayl

1147 800 541 50 lir en las huestes.⁊los Ricos

1142 843 564 50 ombres puden ysir ⁊agoardar

1140 884 557 62 lalferiz que traye la sẽyna del

1163 925 532 71 Rey ⁊ non lis es onta. De con

1158 978 377 66 quiesta de Regnos.

1165 1023 527 57 stablimos que si por uentura

1142 1073 559 51 Rey alguno ganare o conque

1147 1119 538 59 riere de moros otro Regno o

1149 1165 559 50 Regnes o ouiere fillos de leal

1145 1206 556 61 coniugio. ⁊ lis quisiere partir

1149 1256 557 61 sos Regnos. puede lo fer ⁊ asig-

1147 1299 550 59 na a cada uno quoal Regno

1149 1345 546 59 aya por cartas. ⁊ en so cort. et

1147 1388 538 52 aqueyllo ualdra por que eyl

1149 1436 543 59 se los gano. ⁊ si por uentura a

1147 1477 543 50 uiene que ouiere fillas de le

1149 1523 530 50 al coniugio ⁊ Regnos. puede

1147 1568 543 48 las casar con los Regnos co

1149 1611 550 62 mo li ploguiere. Et si auieñ

1147 1657 550 50 cosa que no lo huuia aꝑtir ⁊

1149 1703 543 50 muere deuen los fillos en la

1149 1746 543 50 conquista hitar fuertes. ⁊he

1149 1789 550 60 redar ⁊ firmar se los unos de

1147 1835 536 59 los otros por fuero. Et otro

1145 1878 570 96 si es de todo Ric om̃e o fidalgo

1911 419 561 64 que aya castieyllos o uillas. ⁊

1916 476 559 55 si muere el Rey sin cͥaturas o

1916 519 550 60 sin hermanos de pareylla. de

1918 565 541 55 uen leuantar Rey los Ricos

1918 611 538 54 hombres⁊ los infacones ca

1918 654 541 57 uaylleros.⁊ el pueblo de la ti

1920 699 562 55 erra.⁊ esto no es asi de Castiey

1918 743 536 57 los ni de vyllas de infanco

1932 786 536 69 nes que an de seguir fuero de

1941 832 529 66 tr̃a. De judicio de cort de Rey

1943 880 461 54 st es fũo de infancones.

1941 921 527 59 et de fillos dalgo. que ningũ

1925 969 545 54 Rey de espayna non deue dar

1925 1010 547 57 iudicio fuera de cort. ni en su

1927 1057 543 55 cort.al menos que no aya al

1927 1103 550 52 calde et.iij. Ricos hombres de

1930 1149 554 54 los suyos o mas ata.uij.⁊ seã

1930 1194 542 53 de la t̃ra en que fueren.Si en

1932 1238 547 54 aragon aragoneses. Si en

1934 1283 557 53 Cathalueyna Cathalanes.Si

1934 1317 554 66 en Nauarra Nauarros. Si en

1934 1374 534 53 Castieylla Casteyllanos.Si

1939 1418 524 54 en Leon Leoneses. Si en por

1941 1461 541 57 togal portogaleses. Si en ol

1941 1507 547 61 tra puertos segunt la tr̃a. Et

1941 1550 557 57 su alcalde deue auer ⁊ portero.

1939 1593 543 60 et maordomo de la tr̃a do fu

1955 1639 531 59 ere. Et asi deue hordenar sus

1955 1684 533 55 t̃ras ⁊ sos pleytesias. De con

1966 1730 506 59 t manosẽ qͦales auolorio.

1966 1773 529 66 damos que nuylla cosa noes

1945 1810 543 73 auolorio asobrinos si antes

1950 1862 529 98 no mueren el padre ⁊ la ma

2495 419 516 59 dre que el auuelo. Et si de

2495 465 527 59 pues muere padre o madre

2498 510 522 57 de muert del auuelo. es pa

2507 554 513 57 trimonio. Quoal que finq̃

2502 597 509 61 biuo. non puede fer niguã

2502 642 518 60 donation.ni uendida padr

2502 688 518 57 e ni madre sin otorgamien

2502 734 513 57 deyllos fillos. Si ante non

2507 775 513 64 ꝑten coneyllos sacado here

2507 823 527 59 dat deconquista que aya da

2507 866 527 64 do marido ⁊ muyll̃r luno al

2509 912 522 59 otro encassamento asique

2507 955 527 61 delas otras heredades non d̃

2518 1000 513 55 sereden alos fillos. que qͥ del

2527 1044 511 70 todo es deẜedado.De donati-

2520 1089 457 57 on de padre o de madre

2527 1135 495 66 stablimos que si fillos han

2534 1181 518 66 donation de padre ⁊ de madre.

2514 1226 527 55 e heredan en quoal qͥere ma

2514 1269 515 60 nera. sacado heredamiẽto q̃

2514 1317 522 57 sean dado en casamiento de

2516 1358 529 64 uen respondere alos recuran

2516 1402 529 64 tes delas deudas uerdaderas

2514 1447 522 62 del padre o dela madre. si al

2518 1491 520 61 go heredan deylla ⁊ sino here

2516 1534 527 66 dan ren.si non quieren non

2518 1582 520 71 respondran. ¶Maguer si qͥe

2518 1623 529 64 ren auer catamiento por las

2529 1668 509 73 almas de lures padre oma

2536 1716 491 57 dre/deuen fazer almosna.

2543 1755 440 64 stablimos De almario.

2532 1798 513 76 por fuero/⁊ mandames que

2523 1839 495 117 padre omadre qui destina
