1791 2566
280.0 466.0 1113.0 81.0 certus /yn ospitibꝮ non este amor/ q̃ q̃ere /

278.0 523.0 1115.0 75.0 dezir /enlos vjandantes /o huespedes /non ay

285.0 577.0 1099.0 61.0 çieto amor /a otras reprende /de loco amor

269.0 626.0 1106.0 64.0 assy como / açenove la q̃ual amo /ap̈ris/se

286.0 671.0 1129.0 71.0 yendo njño/ por lo q̃ual le non deujera amar

280.0 719.0 1118.0 73.0 ca/ sson los njños /ynco stantes /por la su va

280.0 768.0 1121.0 77.0 riedat/ la vtiljdat/ es qũe leyendo este tra

276.0 818.0 1137.0 74.0 tado /ayamos notiçia /delas maneras djuẽsas

265.0 861.0 1134.0 88.0 de amor/ El titulo es/ Aquj comjença el

282.0 915.0 1126.0 85.0 tratado q̃ fizo oujdio publio nasso y llamase

280.0 973.0 1131.0 83.0 neroydes /q̃ q̃ere dezir delas duenas y syfuere

278.0 1017.0 1123.0 79.0 pregũtado/por q̃ fue yntitulado /o apropiado

280.0 1067.0 1148.0 77.0 alas/ dueñas /qũe alos caualleros /responder

283.0 1116.0 1127.0 87.0 se ha/ por q̃ue enste tratado/ fablan mas ellas

288.0 1164.0 367.0 87.0 q̃ non ellos

534.0 1255.0 861.0 92.0 ra entẽder mas perferta menṫ la car

523.0 1315.0 887.0 82.0 ta sigujenṫ/ conujene /presuponer

521.0 1369.0 865.0 70.0 q̃ penelope muger de ulixas fue

502.0 1419.0 893.0 71.0 fija del Rey ycario /y vlixas fue/

265.0 1445.0 1142.0 94.0 fijo del Rey laerto vlixes fue ala batalla tro

283.0 1511.0 1127.0 72.0 yana conlos otros griegos ado tardaron por

286.0 1549.0 1125.0 81.0 dies años en cõq̃star atroya y otros dies en tor

288.0 1595.0 1117.0 77.0 nar y por q̃ eñste/ tp̃o/ penelope era soljçitada

289.0 1640.0 1102.0 86.0 de muchos/ y grandes omes/ en⟦b⟧iauale/ esta

286.0 1685.0 1117.0 91.0 carta/ enla q̈ual /su entençiõ era de rogarle

288.0 1734.0 1122.0 83.0 q̃ venjese y q̃ asylo deuja fazer manofiestaglo

282.0 1777.0 1126.0 107.0 por muchas razones la yntençion del avtor

1521 111 56 68 2
