1791 2566
258.0 476.0 1113.0 88.0 fijo de nestor fuese vençido por etor luego

262.0 541.0 1125.0 70.0 en mj causado el tu temor /osy me contauã

265.0 591.0 1108.0 66.0 q̃ patrucolo /njeto de menõçias fuese mueto dẽ

269.0 635.0 1088.0 77.0 tro delas falsas/ armas lloraua pensando q̃

270.0 691.0 1096.0 75.0 los engaños /delos griegos podriã caresçer

266.0 742.0 1127.0 69.0 de bjen aventuradavitoria /asy como los de

270.0 789.0 1103.0 79.0 patruculo /o q̃uando alguno/recontaua qũe

269.0 835.0 1121.0 80.0 tituljbjo avja escalentado con su sangre la

266.0 883.0 1110.0 79.0 cabeça de ⟦⟧ sardapon rey de ljçia su muëṫ

263.0 929.0 1118.0 95.0 renouaua mj pena /ala fin /q̃ q̃ual q̃er q̃ue

261.0 979.0 1123.0 94.0 yo oyese dezjr q̃fuese mue̾to delos Reales

269.0 1026.0 1102.0 98.0 delos griegos luego tornaua mj cuẽpo mas frio

269.0 1079.0 1124.0 94.0 q̃uel yelo mas bien consejo el dios justo amj

269.0 1131.0 1124.0 87.0 casto amor catroya /q̃mada es/y tornada /

278.0 1184.0 1110.0 84.0 ya en cenjzas/ por el marido/ escapando el sa

275.0 1233.0 1096.0 81.0 no y saluo /los p̈nçipes delos griegos /son/

270.0 1280.0 1110.0 92.0 tornados /y los altares fumean/por los sacri

270.0 1335.0 1118.0 89.0 fiçios por los despojos de troya/ es puesto delaẗ

275.0 1384.0 1130.0 92.0 los dioses dela nuestra tierra las mugeres ljeuã

267.0 1436.0 1123.0 90.0 graçiosos dones por sus maridos ser sanos/

267.0 1486.0 1106.0 85.0 y ellos recuẽtã los fados delos troyanos/ como

263.0 1542.0 1125.0 83.0 fuerõ venados por los griegos y maraujllanse

269.0 1592.0 1101.0 80.0 los griegos justosviejos y las donzellas/ te

270.0 1645.0 1121.0 77.0 merosas /y las mugeres/ oyen cõ graṅt diljgẽçia

265.0 1697.0 1119.0 71.0 como sus maridos recuentan/ las batallas y

266.0 1746.0 1128.0 71.0 algunos delos griegos/ demuestran enla mesa

266.0 1794.0 1127.0 103.0 puesta las fieras batallas /y pjntã la manera

1497 149 65 71 3
