3754 5082
317 292 1204 118 lo teu cors maniaran uerms ela tua.

317 376 1157 136 casa sera tost destruida. al qual eldix.

317 461 1178 110 Qui es tu qui tan fort me manasses. Sapi

317 550 1165 110 es que eu son nicholau bisbe dela ciutat

317 631 1178 122 de mireẽ. E axi cascun despertat demanti

317 711 1174 119 nent la .i. alautre lo sop̃ni reconta. eꝑ

317 804 1195 119 aquels qui eren carceratz els tramese

317 889 1187 118 ren mantinẽt. als quals lemparador

317 961 1191 140 dix. Quines artz ni qujns encantamẽs

317 1071 1170 106 sabetz uos altres que axi nos escarnitz

317 1139 1174 123 ab tans sompnis. Als quals els respose

317 1240 1178 106 ren que no eren encantadors ni no.

317 1329 1182 102 aujen merida sentencia de mort. per q̃

317 1414 1161 114 adoncs lemꝑador los dix. Conexets

317 1494 1174 111 uos altres negun hom qui aia nom

317 1566 1199 132 Nicholau. on els ausit aquel nom le

317 1668 1191 114 uaren les mans ues lo cel deus p᷎gã

317 1740 1199 136 que els ꝑlos meritz de sent nicholau erẽ

317 1833 1182 140 deliures daquel present trebail. Ecõ

317 1931 1204 139 lemꝑador apreses per els tota la uida

317 2024 1208 118 els miracles del. a els dix. anans uos

317 2109 1182 114 enfetz gracies adeu. quj uos altres

317 2202 1204 127 a deliuratz ꝑ les sues pregueres. E de

317 2291 1195 131 nrẽs coses ael aportatz joze el pregan

317 2380 1187 101 que dassi enant amjno menas. mas

317 2460 1221 110 que per mi e ꝑlo meu regne adeu fassa

317 2545 1225 135 pregueres. On ap̃s pocs dies los deuãt

317 2625 1225 123 ditz barons uengren al seruidor ded̃u

317 2714 1208 119 e als seus peus humilment se giraren

317 2799 1221 110 diens .verament est tu seruidor de deu

317 2871 1225 131 E ueramẽt est tu coltiuador eamador

317 2960 1216 123 de crist. E con ael recomtassen tot lo

317 3044 1221 123 fet ꝑ orde cols era pres. E les mans

317 3146 1242 114 leuades en ues locel el feu adeu moltes

317 3227 1237 127 lausors. E be estroitz los pͥnceps en lurᷤ

367 3323 1130 118 partides el los trames ¶ Econ nostre

317 3400 1225 115 seyer uolgues el reebre angels qujael

317 3502 1229 101 uenien iijii. Edit losalm qui comẽsa

317 3582 1208 106 En tu seyer eu ay ma esperansa entro

364 3673 1169 101 al uers quj comensa en les tues mans

364 3763 1150 130 coman lo meu espirit. En layn que

1409 169 203 144 .XI.

1570 262 1158 116 hom comtaua dela passio de nr̃e seyor

1590 361 1147 96 .ccc.ix. el liura la sua p᷎ciosa aĩa en les

1595 448 1156 127 mans dels santz angels qui ael apereg

1607 533 1132 119 ren. loqual concebelit fos enlouas q̃

1598 615 1161 116 era de marbre. ꝑlo cap font doli. e ꝑ los

1598 697 1144 124 peus font daygua ixi. e entro al dia de

1598 790 1175 130 uuy. Dels seus mẽbres ix oli sagrat per

1554 893 1013 119 lo qual son moltz homens sanatz

2567 906 246 110 Mira.

1615 968 1136 130 ¶ E succehi ael .i. baro sant. loqual de

1590 1070 1172 118 la sua sehila ꝑ en ueyoses fo gitat. E el.

1612 1143 1167 127 fora gitat loli defali que deluas de sent

1612 1225 1130 110 nicholau no ixi. E demantinẽt con el

1607 1304 1172 124 fo tornat ala bisbalia loli exi deluas.

1576 1393 279 131 Miracłe.

1851 1393 966 131 ¶ E ap᷎s molt de tep̃s los turcs

1610 1482 1224 106 destruiren la ciutat de mirẽe cobrirẽ

1615 1566 1150 122 lavas de sent nicholau. ꝑso cor els re

1618 1662 1153 116 tornans enla ciutat debarna porta

1629 1761 1184 102 ren los osses del en oli nadans Miracle.

1641 1829 1161 121 ¶En layn de nr̃e seyor que hom

1610 1922 1175 110 comtaua .M.C.lxxͣx.⁊.vii. unba

1621 1998 1152 133 ro recebe aprestec una soma dedi

1627 2089 1180 130 ners de .j. Juseu juran sobre lautar

1621 2179 1189 130 de sent nicholau. con altra fermãsa

1624 2278 1161 121 auer no pogues. que al pus tost q̃

1627 2368 1146 110 el pogues lõ pagaria. onaquel ten

1621 2442 1198 121 gues longuament los diners. lo jueu

1632 2532 1147 119 demana ael sos diners. lo qual dix

1629 2614 1144 116 li que ellauia pagat. perq̃ lo uieu

1627 2710 1144 104 sen clama. ꝑque lo iutge mana al

1629 2792 1184 110 deutor que uinis dir ueritat si lauj

1641 2882 1149 119 pagat. on el aporta absi .i. basto ca

1635 2958 1169 116 uat plendor axi consi enel se soferiᷤ

1632 3046 1181 113 E axi con el uolc fer lo sagramẽt elliu

1632 3125 1147 121 ra lobasto al jueu quel li gardes. E

1638 3224 1195 118 en apres el iura que pus li auja retut

1638 3306 1166 113 que no li deuja. Elo sagrament fet

1638 3390 1172 119 el demana lo seu basto. el meu igno

1638 3478 1149 124 rant dela sua sabentia lo rete ael.

1638 3577 1178 107 E axi col doucor sentornaua enues la

1635 3659 1175 107 sua casa elsa dormi en un entre forc

1641 3735 1161 124 de carreres. En apres una carreta.

3037 194 233 161 11
