3754 5082
949 309 1194 118 axi con lo gitaren molt gran foc en la

944 398 1216 101 mar se comp̾s. E contͣ natura molt lon

944 482 1199 110 guament els loueseren cremar. E quãt

944 559 1178 118 foren uengutz denant loser dedeu els

949 652 1194 110 dixeren. uerament tu est aquel qui en

944 728 1199 102 lamar anos aparaguist. edeliurest nos

944 821 1195 123 del poder del diable. e del peril nos de

944 910 1212 114 liurest ¶ En aquel metex tep̃s con al

944 995 1195 93 cunes gens contrastassen al emperi

944 1058 1216 136 de roma. contra els lemparador trameᷤ

944 1156 1195 118 tres pͥnceps. ennepocian. en cors. en

944 1245 1212 101 apelion. los quals uengren al port adria

944 1334 1221 110 tico ꝑ uent que agren contͣri. los quals

944 1427 1208 110 conuida sent Nicholau mot que ab els

944 1516 1229 101 meniassen. e uolt que la sua gent se abs

944 1600 1212 110 tenguessen de robar. cor les gens roba

944 1694 1212 97 uen q̃ aqui eren afira uengutz. edemẽ

944 1770 1229 114 tre quel sent baro no era en la sua ciutat

944 1854 1229 111 lo consol corromput ꝑ din̾s mana degolar

944 1931 1212 114 tres caualers senes colpa. la qual cosa

944 2024 1191 101 sent Nicholau ausis dir. prega los

949 2096 1220 131 pͥnceps que ab elanassen tost la. E quãt

944 2181 1199 118 foren uengutz al loc onhom los deina

949 2282 1190 110 degolar. el los atroba ab lo col encli e

944 2367 1199 114 ab la cara cuberta. e ui ia lo degolador

944 2460 1191 102 ab les pasa estranden sobrel cap dels.

944 2536 1195 123 mas sent Nicholau escompres damor.

944 2604 1204 148 en uers lo degolador molt iuasseramẽt

944 2697 1221 140 segita. elespasa dela man del porregita

944 2807 1178 115 e solue los caualers. esens mal absi

944 2875 1212 127 los sen mana. e demantinẽt el sen a

944 2960 1182 135 na ala cort del consol. car troba les

944 3061 1195 119 portes tancades el les obri ꝑforsa. ꝑ

944 3138 1229 122 que en apres lo consol uenc ael decor

944 3244 1225 114 rentes el saluda. Mas aclo meyns p̃ant

944 3316 1212 131 losant baro dix ael. o enemic de deu

944 3417 1199 123 regirador de ligs ab qual oltracuyda

944 3485 1199 131 ment p̾sumex tu qui est colpable de

944 3591 1178 106 greu crim guardar la mia cara. E

949 3680 1177 101 qͣnt lat molt repres ello recebe be

944 3756 1178 157 nignament. p les pregueres dels.

2228 271 1195 131 pͥnceps. E recebuda benedictio del sant

2228 355 1199 148 baro. los pͥnceps del Emperador en lur

2228 470 1216 97 uiatge sen anaren. esubiugaren los ene

2228 537 1157 119 mics alemperi senes batala. per q̃ qͣnt

2228 639 1203 110 sen foren tornatz els foren reebutz molt

2228 715 814 127 honradament ꝑ lemperador

3037 736 204 111 Mira.

3241 707 157 148 ¶ E

2228 817 1170 101 als cuns dels ꝑenueya e ꝑ pregueres del

2228 902 1203 101 maioral del emꝑador ab preu que nagren

2228 986 1212 98 acusaren els al Emperador de crim del

2232 1062 1183 119 esa maiestat. ꝑ la qual cosa lemperador

2228 1143 1195 110 molt irat los mana en carcerar esenes

2232 1240 1187 106 altra demanda que ad els no feu. aque

2228 1329 1187 119 la nuyt los mana aucir. E conels o.

2228 1410 1203 127 ausissen dir ala guarda quils guarda

2228 1499 1195 118 ua molt dolens esquinssaren lurs ues

2228 1605 1187 101 timens e comensaren molt fortment

2228 1677 1191 114 aplorar. on adoncs un daquels en ne

2228 1765 1131 102 pocia remembra en qual man̾a sent

2228 1829 1148 123 nicholau auia deliuratz .iii. caualers

2228 1926 1119 119 no nosens. p que pregua los altres q̃

2228 1998 1131 127 li quereguessen adiutori. los quals

2228 2104 1140 115 oran sent nicholau aparec en aquela

2228 2176 1131 132 nuyt a costanti lemꝑador ael dien.

2228 2257 1161 148 ꝑ qual cosa as tu preses aquels pͥncepᷤ

2228 2358 1144 115 axi no iustamẽt eͣmortz senes crim.

2228 2439 1153 114 los as tu iutgatz. leua sus molt iuas

2228 2536 1119 110 serament e mana que els sien soltz.

2228 2617 1140 123 En altra man̾a si no ofas eu prec deus

2228 2710 1144 102 que atu fassa escomoure batala. en la

2228 2786 1199 127 qual tu cages. e q̃ sies fet meniar de

2228 2862 1174 149 besties. al qual lemperador dix. Qͥ

2228 2968 1208 119 es tu qui en aquesta nuyt est intrat

2228 3053 1182 123 en lo meu palau. e guozes aytals pa

2228 3129 1208 131 raules amidir. al qual sent Nicholau

2228 3210 1191 127 dix. Eu so nicholau bisbe dela Ciu

2228 3311 1216 127 tat de miree. el maioral del Empera

2228 3400 1199 106 dor en aquela nuytel ꝑuissio molt

2228 3493 1203 102 espaordi ael dien. : home ab pensa

2228 3582 1195 110 e ab sen perdut ꝑ que as consentit

2228 3667 1212 114 en la mort daquels no nosens. leuat

2228 3752 1237 139 tost e fe que sien deiures. esi no ofas
