3754 5082
910 279 1212 123 mot corrent uenc qui laucis e espessey

910 372 1204 110 lo basto plen dor el aur ses campa. E au

910 457 1187 110 sen aquest fet lo uieu molt cuytosamẽt

915 554 1156 93 anala. e con el uis lo frau quel crestia li

910 626 1204 123 auia fet. e con moltz ael dixessen q̃ preng

910 724 1208 114 ues laur o ouolt fer. Si doncz sent nicho

910 787 1204 136 lau ꝑsos meritz no ressucitaua aquel c̾stia

910 897 1183 102 affermans ꝑsafe que si aclos fassia ꝑ sent

910 978 1195 110 nicholau que el se bateyaria efez el crestia

910 1067 1187 106 se faria. ꝑ que demantinẽt sel qui mort

910 1143 1191 127 era ressucita. el iuen en nom de crist asso

1546 1236 534 110 ¶un iuseu uesẽt

1389 1240 161 106 Mir.

910 1245 483 105 uesent se bateya.

910 1321 1212 114 la uirtuosa potencia desent nicholau en

910 1410 1178 118 miracles fasen. el feu fer asi una molt

910 1499 1212 118 bela ymage ab semblansa del. e aquelael

910 1588 1208 106 aloga en la sua casa. ala qual con ab altre

910 1672 1221 115 en luyn t̾ra anas les sues coses abmenas

910 1749 1216 131 ses li comana aytals paraules osemblãs

910 1833 1183 132 diens. Onicholau uet totes les mies

910 1926 1225 119 coses ꝑso que tu les megarts atu les lui

910 2015 1212 123 re. e sinoles megardes sapies que cruel

910 2104 1153 106 ment ab uergues te batre. on alcuna.

910 2181 1187 127 uegada dementre que el no era en la suͣ

910 2274 1178 110 casa. layres iuengren qui tot o raubarẽ

910 2350 1144 123 la ymage de sent nicholau solamẽt ile

910 2447 1166 132 xaren. E qͣnt lo iueu fo uengut e axis

910 2536 1178 110 uiu raubat. ala ymage ꝑ aitals parau

910 2621 1170 106 les o per semblans el parla. Sey̾ nicho

910 2697 1195 115 lau no auia eu uos pausat en la mia casa

910 2778 1178 135 ꝑso que les mies coses de ladres gardas

910 2879 1136 110 ses. ꝑ qual cosa no o auetz feyt. e als

910 2964 1183 114 layres qͣnt me raubauen no ouedets

915 3053 1220 119 emꝑamor dayso cruels turmẽs soffer̾r

910 3138 1221 122 etz. e ꝑ los layres gran pena auretz. eaxi

910 3231 1204 106 lo dapnage meu enlos teus turmens

910 3311 1183 102 eu reposare. ela mia furor enlos teus

915 3400 1203 106 batimens refredare. E axi con lo iuseu

915 3481 1199 127 comensa la ymage cruelment abatre.

910 3578 1204 110 ab uerges marauelosa cosa de tot entot

910 3659 1238 101 fo quels layres fe estar esbaleitz. E axi cols

910 3743 1204 153 layres deuesien aclo que li auien robar

2190 283 1258 98 lo sant baro dedeu. axi con si el fos batut

2190 372 1271 98 aels aparec aquestes paraules osembl

2194 453 1254 131 ans dien. ꝑ qual cosa tancruelment eu

2190 546 1284 114 ꝑuos altres son batut e flagellat e turm

2190 631 1267 97 entat. Ueus lo meu cors con blaueya. ueꝯ

2190 715 1237 119 enqual man̾a ꝑlescampamẽt dela sanc

2190 800 1275 118 con uermelega. leuatz molt cuytosamẽt

2194 897 1237 119 e retetz li tot aclo que li auetz emblat

2190 974 1267 101 En altra man̾a la ira de deu tot poderos

2194 1071 1263 110 en contͣ uos altres uenra. en axi quel ur̃e

2194 1156 1259 89 crim denant totz se publicara. e cascun

2194 1228 1237 127 de uos altres sera penyat. al qual els di

2190 1312 1199 123 xeren. Qui es tu qui aytals paraules

2190 1406 1225 97 anos dius. E el lor dix. Eu son nicholau

2190 1490 1225 106 ser de ih̃u crist. lo qual aquel iueu ꝑ les

2190 1575 1195 119 sues coses que li auetz emblades tant

2190 1664 1233 101 cruelment a mi batut. On en axi espaor

2190 1749 1229 118 ditz al iuen sen uengren e aquel mira

2190 1842 1208 89 cle ael recomtaren. E ausiren ael dir en

2194 1926 1208 98 qual man̾a la ymage auia ferida. per q̃

2190 2007 1229 106 els li reteren tot so que li auiem enblat

2190 2092 1241 114 e axilos ladres enla uia de dretura son tor

2190 2181 1203 122 natz. el uiseu areebuda la fe del salua

2902 2269 517 115 ¶ Era unbaro

2690 2269 212 119 Mira.

2190 2274 500 106 dor humilment

2190 2354 1229 119 que ꝑ amor del seu fil qui aletres ap̾nia

2190 2435 1241 106 celebraua la festa desent nicholau cascũ

2190 2519 1216 127 ayn sollep̃nialment. emꝑamor dayso

2190 2612 1241 98 una uegada lo pare del enfant aparela

2190 2697 1233 115 gran conuit e moltz clergues el cõuida

2190 2769 1241 115 e uenc lo diable ala porta enabit de pelegͥ

2190 2871 1233 118 demanãt alm oyna assi esser donada. per

2194 2956 1221 101 que mana mot cuytosamẽt lo pare al fil

2190 3044 1250 119 que li donas lalmoyna al pelegͥ. per que

2194 3150 1242 89 lenfant se cuyta eno troba lo pelegͥ. perq̃

2190 3227 1233 118 lo segui perso cor sen amaua. E confos ꝑ

2190 3316 1216 110 uengut a.i. cap de carr̃er lo diable pres

2190 3396 1250 114 lenfant e estranguola lo. Equant lo par̃

2190 3485 1250 93 o ausi dir mout fortment se plora. el corᷤ

2190 3570 1254 110 den infant sen porta en la cambra lo posa

2190 3646 1220 118 E comensa adir per grans dolors q̃ auia

2190 3735 1275 156 o fil molt car cons es apres. osent nicholau
