1889 2657
1547 75 138 166 [3] 6

66 148 1481 164 sc̃a eglisia. e que emendasen aquelas cosas quelos omres auien malu

104 278 1443 98 sadas enotro tiempo por negligencia. contralas costumbres; de sc̃a eglisia

75 349 1486 89 et que tomarã iapor costumbre. como le fusse demandado del pͥncipe. Don

106 407 1457 97 cas por estos tales los amonestamientos. nos todos confiando en nr̃o sẽnor.

70 478 1497 82 et dandole gr̃as.ael quien es muy piadoso. entendemos cosa por muy ne-

104 526 1461 93 cesaria.q̃ segundo sua uolũtad del rey. ⁊ dela nr̃a; fiziessemos las cosas q̃

79 582 1464 97 eran ꝯuenibles adios. ⁊ asi enlos sacramẽtos de scã eglisia q̃ som ffechos

101 648 1449 95 enmuchas eglisias despania. enmuchas maneras. et como nõ deuẽ; comͦ

77 706 1477 102 en las otras malas costumbres. q̃ son ffechas por contraria. ⁊ por decebimiẽto

66 774 1459 87 delos pͥncipes. q̃ les podamos pouer t̾mino. ⁊ q̃ podamos poner freno de disci-

75 834 1441 98 plina como en qual manera se guarde cadauno; delas cosas q̃ nõ deuem

66 912 1238 86 fazer.⁊ delos decebimiẽtos.eq̃ tema cadauno al nr̃o sennor.

1304 905 237 80 Dela elec-

163 976 605 80 nesta ley dize como deuẽ seer

775 969 779 82 ciom delos principes. et delo que ga-

170 1029 1196 98 es leydos los pͥncipes equelas cosas q̃ elos ganam deuẽ fincar

1366 1027 175 91 nam.

81 1100 1455 77 al regno.calos reys son dichos reys:por q̃ regnam.⁊ el regno es xamado

73 1160 1474 84 regno; por el rey. eassi como los reys sondichos de regnar; assi el regno

75 1217 1450 87 es dicho; delos res. Eassi como el sacerdote es dicho de sacͥficar; assi el rey

99 1275 1482 102 es dicho de regnar piadosa mientre. Mas aquel ñ regna piadosa mientͤ.

66 1343 1484 91 quien ñ guarda misericordia. Doncas faziendo derecho el rey; deue a

68 1414 1479 84 uer nõbre de rey. ⁊ faziendo tuerto pierde nonbre de reỹ. Onde los anti-

73 1465 1477 89 guos diziem tal prouerbio. rey seras se derecho fezieres.⁊ se ñ fezieres

99 1527 1442 95 derecho; ñ seras rey. Onde el rey deue auer duas u̾tudes ensi. maor miẽtͤ

57 1591 1502 102 iusticia ⁊ u̾dade.mas es loado el rey por piadat; q̃ por cadauna destas.ca-

66 1662 680 84 la iusticia au̾dade consigo delo.

744 1665 792 86 Enel septimo conceyo de toledo.

172 1740 1378 80 ssi como nos cuidamos asaz es contradicho; por el decimo ꝯceyo.⁊ por

172 1800 1367 84 esta ley del muy gl̃oso pͥncipe epor este ꝯceyo presente. alos malos fe

81 1857 1427 89 chos q̃ entẽdemos. q̃ iuam contͣ piedad.epor los om̃s q̃ ñ quierẽ ueuir

81 1917 1473 91 mansa miẽtre.oenpaz.ca el scĩ sp̃u asi aspiro enllos corazones delos sos

64 1986 1497 90 fieles; q̃ por estas palauras. fusse tolida da qͥ adelantre toda mala copdiciͣ.

68 2052 1468 89 delos corazones. delos om̃s.ca asi fu stablecido en aquellos ꝯceyos; que

90 2114 1440 113 porla piadad de nr̃o sennor. q̃ om̃eñ sab̾ia asmar nin saber se quiso a
