3418 4852
889 194 1202 145 Las treçientas de Juan de mena

885 291 1238 133 llamadas el laborynto de fortuna

1089 611 544 127 Supra scripçion

355 764 352 541 A

805 935 1356 135 l muy prepotente don juan el segundo

800 1051 1256 105 Aquel con qͥen jupiter tuuo tal zelo

792 1120 1303 129 Que tanta de parte le fizo del mundo

805 1226 1076 116 Quanta si mesmo fizo del cielo

789 1315 1302 132 Al gran rey despaña al çesar nouelo

803 1415 1334 124 Al que con fortuna es bien fortunado

795 1522 1358 111 Aquel en qͥen caben virtud e reynado

765 1603 1262 114 A el la rondilla fincada por suelo

886 1698 998 116 Argumenta contͣ la fortuna

660 1803 1396 121 Tvs casos fallaçes fortuna cantamos

797 1892 1275 121 Estados de gentes que giras etrocas

776 1973 1513 149 Tus grandes discordias tus firmesas pocas

784 2066 1210 129 Yloᷤᷤ q̃n tu rueda quexosoᷤ fallamos

772 2155 1404 145 Fasta que  tempo de agora vengamos

768 2244 1371 137 De fech̃os pasados cobdicia mi pluma

768 2345 1169 133 Yde  presentes fazer breue suma

724 2421 1399 170 y De fin apolo pues nos començamos

117 1775 364 121 Tus casos fallaces

97 1835 457 121 En esta copla segunda

97 1904 440 85 el autor despues de la

97 1956 432 89 suprascripçion descriue

101 2009 445 85 la materia o causa ma

97 2058 424 89 terial de su obra ymj

105 2102 441 85 tando virgilio q̃ en el

105 2155 432 80 comienço de su obra di

105 2203 437 97 ze arma viꝵ q; cano et

105 2252 441 97 Iucano bella per ematios

105 2304 441 109 plus ꝙ̃ ciuilia campos

109 2357 501 117 iusq; datũ sceleri canimꝰ

113 2426 433 76 et ouidio metamolfo

109 2474 445 97 sios in noua fert ani

113 2523 477 80 mus mutatas dicere for

113 2579 469 89 mas assy el dize q̃  inte

113 2632 481 85 de recontar los fallaçes

117 2680 485 146 casos defortuna et ;

2511 64 514 166 MCLXXIX

2475 307 311 230 844

2483 541 344 211 7823

635 2652 1630 133 y de sin apolo dizeloper quanto apolo es dios de la sapiençia y basta

618 2737 1631 93 del accabar qual qujere obra de sciençia aun q̃ anos sea difficile

631 2806 1573 89 incognita o inpossibile e por ende se costumbra dezir soluat

622 2842 1602 117 apollo y los conponientes costumbran jnuocar su sulsidia y

639 2915 1662 93 por quanto el autor reputa por impossible recontar todos los fechõs

643 2967 1670 158 passados y presentes por ende dize y desia apollo pues nos comẽçamos

3001 315 129 194 2

2312 2199 909 129 fasta q̃ qujso imjtar oujdio inlo de meta

2301 2264 926 133 molfosios do dize primaq; ab origine

2313 2333 918 157 mundi ab mea ꝑpetuũ deducite tꝑã

2289 2385 259 162 carmen
