3446 4835
165 878 850 93 caliope madre de orfeo una delas viiij

149 930 773 137 musas muy apropriada par alos

153 1003 435 177 poemas heroycos

1418 825 508 133 Inuocacion

1075 934 1002 129 Tu caliope me sey fauorable

1188 1047 1107 89 Dando me alas de don uirtuoso

1112 1124 1334 125 y Por que discurra por donde non oso

1204 1227 1352 113 Conbida mi lengua con algo que fable

1198 1318 1137 105 Leuante la fama suboz ineffable

1180 1418 1375 96 Por que los fech̃os que son al presente

1197 1502 1180 109 Vayan de gente sabidos en gente

1209 1600 1366 124 Oluido non priue lo que es memorable

1486 1770 400 94 En narra

1088 1877 1374 117 C om̃o que creo no fuessen menores

1180 1974 1306 125 Que los daffricano los fech̃os del çid

1188 2075 1181 96 Nin que feroçes menos en la lid

1188 2147 1294 129 Entrasen los nr̃os que los agenores

1193 2256 1394 97 Las grandes façañas de nr̃os senõres

1184 2344 1653 109 La much̃a constançia de quien los mas ama.

1184 2449 1339 117 Yaze en teniebras dormida su fama

1193 2543 1379 116 Dañada doluido por falta de auctores

185 1938 834 112 Como no creo exalta los yspanos excu

185 2018 806 81 sandolos si de ellos et sus obras no se

177 2066 842 93 fallan much̃os libros ca uiene por falta

177 2123 846 80 da auctores y no por falta de grandesca

177 2175 870 89 ualleros nj de grandes fech̃os ypor exẽplo

173 2228 882 108 sons los fech̃os del cid no ser menores

181 2296 870 101 q̃ los dafricano sipyon romano del qual

177 2361 882 92 la ystoria es uulgar El çid fue vn ca

185 2413 874 97 uallero castellano en el tiempo del Rey

173 2461 895 109 don alfonso el uijͦ q̃ gano atoledo el

181 2534 878 113 qual çid uençio much̃as batallas de

185 2590 862 113 paganos y xpĩanos y estuuo su y

189 2651 879 129 storia Gil diaz diziendo q̃ vençioal

193 2719 875 117 rey yuñes de marrueco con veynte

189 2772 858 116 sys reyes y despues vençio a su er

193 2844 862 101 mano el rey bucãçon con xxxvj

197 2905 871 108 reyes ⁊ vino qujera q̃ sea pocoda

197 2961 871 117 creyer q̃ uençiosie tan gran nume

177 3017 882 125 ro de reyes las batallas es cierto q̃

193 3082 866 109 uençio ymuch̃as otras syendo pobre

201 3134 858 121 y desterrado y gano la cibdad de

201 3215 858 113 ualençia y el gran solian depersta

1144 2727 1520 125 li embio hasta a castilla a donar grandissima quantidad de

1184 2816 1463 113 joyas y le embio vn su pariente por embaxador segun se

1201 2868 1442 125 scriue en la dich̃a ystoria Este çid fue dich̃o el çyd ruy

1184 2945 1500 113 diaz e naçio en rju de nyerua y morio en valençia e dexo

1205 3001 1487 113 dos fijas casadas ꝯlos infantes de aragon y de nauarra las

1201 3066 1491 137 quales despues fueron reynas como scriue fernan peres de guz

1197 3142 1523 121 man en el su tractado q̃ faze en coplas de los claros varones

1172 3219 1197 129 de spanyã do faze vn capitulo speçial deste çid

1116 3364 1544 113 Agenores fech̃a comparaçion del çid a sipion africano compara en

1172 3424 1508 109 general los caualleros castellanos alos agenores les quales fueron los

1176 3489 1524 96 ꝯpañeros de cadmo naçidos alos dientes del serpiente sembrados

1176 3553 1492 85 en la tierra y luego naçidos pelearon brauamente los vnos con

1184 3618 1488 80 los otros y mataronse como scriue oujdio en el terçero libro

1180 3678 1496 89 e dize lo autor q̃ non son menos valientes los castellanos nuestros

1176 3751 1492 88 ni menos brauos y feroces entran en las lides y bactallas delos

1176 3811 1556 149 quales se poriã scriujr ystorjas si no quedass por falta d̃ auctores
