3382 4852
914 808 582 111 Comparacion

643 901 1306 134 Com̃o el que tiene el speio delante

716 1002 1456 122 Maguer que se mire de derech̃o en drech̃o

732 1095 1408 122 Se parte te pagado mas non satisfech̃o

728 1202 1275 97 com̃o si uiese su mesmo semblante

716 1293 1185 114 Tal me senti ya por el semeiante

728 1386 1403 118 Que nunca asi pude fallar me contẽto

736 1504 1319 93 Que non desease mirar mas atento

728 1576 1351 135 Mi uista culpando por noser bastante

817 1752 1154 121 Prosigue e compara cõ fficcion

635 1855 1136 114 Estando yo alli con aq̃sto deseo

724 1969 1262 109 Abaxa una nuue muy grãde oscura

730 2048 1233 116 El ayre foscando cõ much̃a ppesura

728 2122 1266 118 Me çiega eme ciñe q̃ nada no ueo

736 2235 1092 98 E ya me temia fallando me reo

736 2312 1371 142 Non me acontessçiesse com̃o apolfemo

728 2426 1371 121 Que des que çiego en la gruta de leno

707 2506 1028 146 Ouo lugar el engaño ulixeo

72 2447 394 102 uenido en extremo

2269 1876 918 125 como apolifemo polifemo gigante

2273 1940 918 101 muy terrible concient compañe

2269 2025 902 93 ros moraua en Sicilia en una

2269 2078 910 105 gran cueua y tenia un solo oio en

2269 2142 902 98 medio de la fruente y como passa

2269 2211 910 113 uan las naues por ally entraua

2265 2280 902 101 asta al medio mar tan grande era

2269 2341 902 105 e tomaua las naues y comiase los

2276 2423 849 86 marineros y otros nauigantes

2270 2482 871 97 Este passando ulyses lo tomo con

2265 2551 906 117 todos los suyos e pusolos dentro la

2269 2624 935 109 dich̃a cueua por comerlos y hauiẽdo

574 2713 2601 202 los companẽros q̃ eran quedados le engañaron e con un palo muy agudo le cegaron el oio et dexandolo

2237 2692 967 93 comido dos dellos se ech̃o adormir

2233 2745 930 109 enla cueua entonces ulyxes con

582 2797 2585 195 assy ciego fuyeron de ally y se recogiron alas naues y fizieron uela antes que sopreuenissen al soccõro

582 2878 2565 174 de aquel los cient conpãneros que el dich̃o polifemo tenia y por la cuxta dexaron en tierra

574 2943 2573 190 uno delos conpãneros de ulixes dich̃o accamemde El qual despues passando por ally eneas se

590 3037 2549 159 fizo al lido dela mar et le rogo que lo leuasse en sus naues et delibrasse de aquel peligro et

582 3101 2601 170 contandole lo conteçido despues q̃  huuo contado como polifemo se comio los dos cõpanẽros

582 3190 2569 170 en la cueua sigue en latin e dize haud inpune quidem nec talia paxus ulixes oblitus ẽ

586 3267 2573 169 sui ue ytachus discrimine tanto Nam simul expletus dapibus uino q: sepultus Ceruice:

586 3355 2573 154 inflexam posuit iacuit q: ꝑ antrum Inmensus saniem eructans et fruscra cruento ꝓ sopum

582 3428 2577 146 cõmixta mero nos magna precati Numina sortiti q: uices una undiq: circum fundimur et

574 3509 2597 134 telo lumen terrebramus acuto tembramꝰ idest ploramus Ingens qd torua solum sub fronte

593 3574 2540 170 latebat Argolici clippei aut febee lampadis instar et tandem leti socior: ulciscimur umbras

582 3651 886 141 uirgilius ĩ tercio eneydos ĩ sins

2852 388 157 149 6
