3446 4835
244 811 729 113 Como los nautas en otro libro

286 882 693 93 dize como las naues En ca

274 946 717 81 liz es el estrech̃o per donde passan

290 1003 685 92 las naues que van en ponjẽte

290 1071 697 81 do por poco spaçio de mar se diuj

290 1132 685 100 de europa da africa dela qual

290 1192 689 93 aquella parte q̃ mira al ponjẽte

286 1257 689 96 se llama libia como dize vir

298 1325 681 109 gilio libicis ereptus ab vndis

303 1399 688 89 et por ende el viento que viene

290 1446 673 105 por aquel camino esllamato

294 1494 677 105 libico o libich̃o En aquel

298 1571 681 89 estrech̃o açerca de caliz en poco

298 1631 685 101 espaçio de tiempo se mudan los

290 1700 673 88 vientos muy espesso y quãdo

301 1775 658 70 reyna el viento de tramunta

290 1825 657 84 na dich̃o boreas es bonança y

294 1897 669 81 la mar es sin repunta par a

303 1966 667 86 los que van en poniente e

302 2014 665 85 por contrario quando reyna

290 2050 681 109 el austro viento meridional

298 2140 656 89 faze gran fortuna y las aguas

303 2205 621 62 ylas naues corren atras

298 2244 681 109 y assy nunca reposan y quasi

302 2300 673 97 siempre son en continua

311 2377 637 67 mudança compara el

309 2425 655 86 autor y assimila los casos

318 2485 645 93 inciertos mudables yfalla

314 2538 665 93 cas dela fortuna delas naues

310 2606 661 109 y alos nautas nauigantes

310 2667 439 117 por aquella mar

1553 840 570 86 Comparacion

1166 913 1435 129 Com̃o los nautas que van en poniente

1247 999 1215 131 ffallan en calis la mar siᷠ repunta

1245 1075 1419 161 Europa por pocas con libia que iunta

1249 1172 1229 149 Quando boreas se muestra valiente

1245 1277 1290 117 Pero si el norte comueue altridente

1261 1373 1157 125 Corren en contͣ de com̃o uinierõ

1257 1446 1515 173 Las aguas que nunca ternan nĩ tuuier̃o

1233 1543 1068 173 Alli donde digo reposo patente

1483 1735 522 123 Aplicaçion

1145 1826 1260 156 Assi fluctuosa fortuna aborrida

1241 1917 1318 141 Tus casos inçiertos semeian atales

1253 2026 1386 141 Que corrẽ por ondas de bienes e males

1257 2122 1361 134 ffaziendo non çierta ningũa corrida

1245 2199 1386 158 Pues ya por q̃ uea la tu sin medida

1253 2288 1471 149 La casa me muestra do anda tu rueda

1253 2381 1221 161 Por q̃de uista dezir çierto pueda

1257 2477 1390 194 El modo en que tractas ala nr̃a vida

2905 1224 428 121 el austro ha de

2909 1325 448 85 dezir vno destos

2913 1386 436 88 el qual esuiento

2926 1450 435 93 meridional contra

2922 1518 423 89 rio al borea jals

2922 1575 423 177 norte llamato
