3418 4852
56 1087 473 117 Argolica fuerça esta

64 1148 473 117 fue la fuerça de los

64 1208 502 118 griegos q̃ destruyeron

76 1269 470 109 y derocaron losmu

76 1338 502 113 ros de troya como scrjue

64 1407 461 125 omero y virgilio los

68 1467 494 130 quales griegos se lla

72 1544 486 105 man argolicos epor

68 1605 486 109 ende dizeel uerso ar

64 1673 486 110 golici rediere duces

68 1722 502 133 altaria fumant

86 1997 342 110 en otro libro

48 2074 328 93 pierio subsidio

52 2147 360 101 dize pierio por

48 2203 368 101 q̃ las nueue mu

48 2264 384 93 sas se dizen pyr

56 2333 421 88 ridas fijas de pyero

52 2385 392 101 ꝯuertidas en piras

76 2442 421 121 en otro libro dice

60 2527 437 97 de tespis estas son

76 2587 437 93 las nueue musas

76 2652 401 89 uerdaderas fijas

84 2704 429 89 demenon dal qual

80 2777 1226 113 Se dizen menonides et de tespis madre o fueron dich̃as

84 2838 1202 105 da tespio poeta q̃ trato de ellas aquellas primeras

93 2923 1237 121 filas de piero quisieron ꝯtender ꝯ aquestas filas

84 2996 1206 105 de tespis de eloquencia y vençidas fueron ꝯuerti

88 3056 1226 146 das en piras ouidio en el vͦ do dize tesdiades

101 3117 319 129 cortate dee

1035 816 651 134 Pone en exemplo

667 934 1375 153 La gran babilonia que vuo cercado

752 1051 1242 113 La madre de nino de tierra cozida

756 1140 1189 117 Si ya por el suelo noᷤᷤ es destruyda

752 1233 1306 117 Quanto mas presto lo mal fabricado

756 1334 1258 133 Esi los muros que ffebo atrauado

760 1427 1120 121 Argolica fuerça pudo subuerter

764 1516 1375 129 Que fabrica pueden mis manos fazer

768 1629 1375 133 Que non fagan curso segund lo passado

1043 1797 614 108 Otra vez inuoca

635 1859 1549 154 EYApues desrama de tus nueuas fuentes

740 1989 1310 129 En mi tu subçidio in mortal apolo

740 2090 1420 125 aSpira en mi bocha por que pueda solo

792 2167 1319 121 Virtudes eviçios narrar de potentes

768 2276 1481 105 Aestos mis dich̃os mostrad uos presentes

776 2357 1303 133 O fijas de tetis con vuestro thesoro

779 2463 1326 97 Y con armonia de aquel dulce choro

760 2539 1484 194 Suplid cobdiciando mis inconuinientes

2131 881 967 154 nino esta fue semiramis la qual edifico

2393 991 693 73 babilonia y la çerco de tierra

2386 1035 756 105 coçida como dize ouidio en el iiij ͦ

2362 1103 776 77 narrando la fabla de piramus et

2370 1148 752 101 tisbe vbi dicit᷑ altam coctilibus

2358 1208 748 118 muris cinxisse semiramis vrbem

2119 1354 995 142 febo dizelo por los muros de troya de

2370 1451 687 101 losquales dize ouidio en

2378 1528 700 85 ia epl̃a de paris a helena

2366 1580 704 118 menja febee structa ca

2370 1669 332 118 nore lyre

2366 1904 752 129 nueuas fuentes la fuente dely

2374 1989 728 85 cona appropriada alas musas

2370 2049 740 89 y a las siencias la quale influ

2386 2102 728 101 ye sciencia y eloq̃ncia se llama

2370 2155 744 85 nueua fuente engendrata con

2374 2207 744 89 el golpe del pie de pegaso cauallo

2362 2260 764 101 alado e por ende dize oujdio en

2362 2312 780 105 el vͦ fama nouj fontis nostras

2370 2381 477 117 ꝑuenit ad aures

2362 2454 728 162 dize de la armonja del coro

2374 2539 348 109 delas ninfas

2904 359 149 182 3
