6928 4934
892 629 1234 218 com̃o cosa q̃ es comunal enq̃

888 781 1210 209 en much̃s parte ¶ Et por en

896 933 1218 193 de noste lugar sse entiẽ

905 1073 1271 218 de ssenalãda mieñt q̃ el cuer

876 1233 1181 210 po de nr̃o sseñor ih̃u xͦ del

888 1397 1185 222 qͣ̃I todos los xͥanos sõ para

921 1558 1214 210 çioñeros deuẽ lo rresçebir en

925 1689 1222 239 todas gͥsis ¶Ca asi com̃o por

937 1874 1177 177 la comuniõ gana dios comu

937 2006 1185 214 nal mieñt los om̃es cada uno

942 2154 1180 230 en part̃ ssegũt la uolũtat ⁊

946 2314 1205 239 los cuerpos ¶ Otͦssi los gana to

954 2483 1156 201 dos en uns por ceͤnçia ssegũt

946 2643 1152 161 el entẽdimiẽto ⁊ la rrazõ de

970 2746 1115 255 las obras ¶Ca nõ puede el

966 2931 1144 218 xͥano rresçebir el corpꝯ dñi q̃

966 3087 1107 218 nõ rresçiba cõ el la ffuerça

983 3223 1193 214 ⁊ la uͥtud dela tͥnidat ¶Cabẽ

999 3388 1127 197 assi com̃o ella es deꝑtida en

999 3527 1185 214 nõbre de tres ꝑssonas ⁊ ayũ

1012 3647 1193 267 ta en sseer una assi el q̃ a

2019 283 231 284 Tͦ

2279 604 1086 168 enll̃a ꝑte nõ puede sseer q̃

2279 752 1078 177 la nõ aya en todo ¶ Et asse

2279 900 1098 189 meiãça desto gana otͦssi dios

2279 1036 1106 181 al om̃e cuerpo ⁊ alma ⁊ enla

2279 1175 1102 214 obra q̃ ssal destas dos ¶ Et por

2279 1348 1094 173 ende este ssac̃ͣmento ayũta

2279 1492 1102 185 al om̃e cõ dios por ũdadero

2283 1665 1106 181 amor ¶Onde por estãs rra

2279 1809 1106 181 zones q̃ auemos dichas enq̃

2279 1932 1127 156 an comunaleza dios ⁊ õe

2279 2072 1123 226 es dich̃a comuniõ ¶ Ca por e

2279 2224 1135 218 lla ssõ los om̃es goũnados tẽ

2279 2380 1110 235 poral mient del pan spũal q̃

2279 2553 1135 210 es comer del cuerpo ꝑa gͣ̃rdar

2287 2713 1123 144 Io del mal ⁊ dela alma ꝑa

2312 2849 477 214 ssaluar la

2789 2849 625 173 ley ciiͣ q̃ cosa

2287 2997 1086 181 es ensi la comuniom

2571 3096 851 201 oble cosa es ⁊ p̃çiada la

2575 3272 847 198 comuniõ entͤ todas las

2320 3420 1115 235 otras q̃ sson enl̃ mũdo ⁊ es

2328 3581 1123 296 enssi sagrada por ssantidat

3505 571 1197 230 com̃o enll̃a es el cuerpo de nr̃o

3521 744 1119 218 señor ih̃u xͦ por q̃ es la

3513 888 1176 201 uada dela. ssangre ⁊ del azͣ̃

3513 1040 1176 218 q̃ sallio del ssu costado ¶Et es

3505 1212 1168 181 otͦssi acabada ⁊ cõplida por q̃

3496 1352 1181 189 enella sse cũplio toda la sscã

3505 1496 1242 202 tͥnidat ¶Ca biẽ assi com̃o por

3513 1640 1160 197 las palabras q̃ dixo el angel

3513 1800 1148 206 asscã mͭ ffue ayũtado enll̃a

3513 1965 1209 189 el poder del padre ⁊ el ssaber

3513 2142 1156 213 del ffiio ⁊ la gr̃a del spũ sscõ

3492 2310 1235 206 ¶Assi por las palabras q̃ diz

3513 2471 1160 185 el ssaçerdote q̃ dixo nr̃o sse

3525 2615 1144 172 ñot ih̃u xͦ sse ayũtã la uͥ

3525 2779 1127 181 tud dela tͥnidat q̃ ffaz del

3521 2919 1119 218 pan carne ⁊ del uino ssangͤ

3533 3067 1082 205 ⁊ es ih̃u xͦ cõplido en cuerpo

3529 3244 1078 185 ⁊ en alma ssin m̃eguamiẽto

3513 3388 1127 222 dela deydat nĩ ssin cab̃iamiẽ

3517 3552 1115 271 to dela humanidat ⁊ ssin ffa

4447 283 415 239 .iiiiͦ.

4842 550 1139 239 llesçimiẽto del spũ sscõ ¶ Et des

4846 735 1135 186 ta gͥsa sson todos ayũtados.

4842 879 1139 210 en uno cõplida mieñt ffincã

4842 1044 1139 189 do cada uno entero enssi mis

4842 1180 1139 185 mo de maña q̃ nõ mẽgue

4842 1340 1139 201 el uno por el otͦ nĩ sse depar

4842 1492 1139 218 tẽ nĩ sse desffazẽ. Et pot

4842 1648 1197 206 ende com̃o qͥer q̃ aestos qi

4842 1805 1242 189 llamã ꝑssonas cada uno por

4846 1977 1189 189 ssi es un dios por ayũtami

4842 2121 1156 181 ẽto ¶Et desto pusierõ los

4842 2286 1217 213 sscõs ssemeiãça al ssol enq̃ a

4842 2450 1242 218 tres cosas ffigura ⁊ lumbre

4842 2586 1160 209 ⁊ escalentamiẽto ¶Et mag̃r

4842 2771 1152 189 q̃ cada una dellas ffaz ssu

4842 2923 1139 168 obra todo es un cuerpo ⁊ un

4842 3030 1139 218 ffech̃ ⁊ una uͥtud ¶Ot̃ tal

4842 3202 1139 218 ssemeiãça dierõ dela candela

4842 3379 1139 210 enq̃ a çera ⁊ pauilo ⁊ lũbre

4842 3544 1139 320 ¶Et qͥ en biẽ parar miẽtes

4932 361 346 161 .cxxii.

6154 448 284 218 108
