6928 4934
909 752 1246 238 Ley cͦ del q̃ͣrto sacͣ̃mẽto q̃

933 916 1255 218 es el sacͥfiçio del cuerpo de

958 1069 819 185 nr̃o señor ih̃u xͦ

1180 1171 938 226 acͥrfiçio del cuerpo de nr̃o

1250 1307 876 234 sseñor ih̃u xͦ es el q̃ͣrto

983 1463 1164 231 ssac̃ͣmento q̃ sse ffaz en ssã

970 1611 1189 231 egl̃ia ⁊ deq̃ rresçibe todo xͥano

987 1772 1218 218 ¶Ca maguer ssea lauado por

995 1911 1168 239 el babtismo ⁊ cõffirmado enla

1003 2068 1181 242 creẽçia ¶ Por la cõffirmaçion

1003 2220 1226 205 ⁊ alinpiado enla uolũtat ⁊ eñl

1003 2368 1243 218 alma por la cõffessiõ ssi el auer

1044 2524 1181 218 poder nr̃o sseñor ih̃u xͦ nõ rre

1049 2693 1143 226 çibe q̃lo ffaz sseguro ⁊ çierto

1020 2857 1201 181 delos otros ssacͣ̃mentos el da

1044 2985 1161 246 esffuerço cõ q̃los ssepa gͣ̃rdar

1044 3165 1194 173 ⁊ mãtener nõ es cõnplido xͥa

1053 3297 1189 218 no ¶ Ende pues q̃ ffallado a

1057 3437 1176 205 uemos del babtismo ⁊ dela cõ

1073 3597 1132 247 ffirmaçiõ ⁊ dela penjtẽçia q̃re

1094 3753 1111 272 tros agora ffallar d̃la comu

2118 431 284 263 Tͦ

2270 748 1128 226 njõ q̃ sse ffaz del cuerpo de

2279 908 1131 222 nr̃o sseñor ih̃u xͦ ¶ Et mastrͣ̃

2307 1060 1074 189 por q̃ a assi nob̃re ¶ Et q̃

2299 1208 1095 202 cosa es la comunjõ ¶ Et por

2279 1360 1110 210 q̃ rrazones dizẽ las missas

2316 1488 1073 247 en oras sseñaladas ¶ Et q̃ el

2316 1669 1102 205 cl̃igo de missa nõ deue dezir

2332 1825 1078 189 mas de una missa eñl dia

2340 1953 1078 217 ¶ Et por qͣ̃nas rrazones pu

2336 2113 1103 205 eden los cl̃igos dezir dos missaᷤ

2336 2273 1099 189 eñl dia ¶ Et q̃ nõ deuẽ los

2344 2397 1095 250 om̃es dexar de oyr las missaᷤ

2353 2598 1090 181 del dia por ayudar q̃ es me

2377 2758 1082 194 ia de oyr las otͣ̃s ¶Et qͣ̃n

2365 2906 1103 231 tas cosas sson mester eñl ssa

2377 3050 1066 251 cͣ̃mento del cuerpo de nr̃o sse

2398 3231 1082 226 ñor ih̃u xͦ ¶ Et por q̃ rrazõ

2382 3388 1090 205 deuen ayũtar el agua cõ el

2406 3519 1029 222 vino eñl caliçe ¶ Et del sacͥ

2406 3696 1070 300 ffiçio por qͥen ffue pͥm̃o esta

3492 592 1128 217 lleçido ⁊ enq̃ dia ⁊ por q̃ pa

3484 748 1119 181 labras. ¶ Et por q̃ rrazones

3480 884 1160 222 ffaz el cl̃igo tres ꝑtes dela os

3480 1048 1119 185 tia depues q̃ es conssagrada

3480 1184 1119 218 ¶ Et de qͣ̃les metales sse de

3476 1332 1119 209 uẽ ffazer los caliçes ꝑa ffa

3476 1492 1119 214 zer el ssacͥffiçio ssin peligro

3484 1661 1094 201 ¶ Et delos corporales por q̃

3496 1809 1111 156 rrazones deuen ẜ de paña

3480 1932 1148 218 de lino ⁊ nõ de otͣ̃ cosa ¶ Et

3484 2101 1173 213 q̃ qͥer dezir missa ¶ Et por

3488 2265 1152 185 qͣ̃ntas rrazones es assi llama

3484 2384 1168 210 da ¶ Et delas tres manãs en

3496 2549 1148 214 q̃ sse acaban las missas ¶Et

3488 2730 1123 185 del corpꝯ dñj q̃ deuẽ tener

3501 2861 1114 202 los cl̃igos ꝑa los enffermo ᷤ

3529 3022 1123 172 ¶Et com̃o lo deuẽ guardar

3509 3141 1172 201 ¶Et enq̃ maña deuẽ los cl̃i

3476 3297 1115 177 gos de missa leuar el corpꝯ

3484 3420 1164 202 dñj alos enffermos o alos otͦs

3513 3568 1135 301 ¶Et com̃o sse deuẽ anullar

4792 571 1218 230 los xͥanos al corpꝯ dñj qͣ̃ndolo

4792 752 1354 189 lieuã ꝑa comulgar los enfer

4792 904 1251 165 mos ¶ Et com̃o deuẽ ffazer

4792 1044 1239 181 los judios olos moros q̃ͣndo sse

4776 1180 1259 213 encõtrarẽ cõ el corpꝯ dñj ¶Et

4780 1344 1189 169 q̃los cl̃igos deuẽ tener las

4776 1504 1226 210 egl̃ias linpias ⁊ apuestas ⁊ to

4776 1677 1189 189 das las otras cosas q̃ sson

4784 1805 1218 197 mester ꝑa ẜujr dios cõ ellaᷤ

4801 1953 1193 197 ¶ Et delas rreliqͥas d̃los sscãs

4776 2101 1214 185 com̃o deuẽ ẜ onrradas ⁊ grͣ̃

4727 2244 1300 198 dadas ¶ Et com̃o deujẽ sseer

4718 2388 1267 214 ꝓuados ⁊ muy esmerados los

4768 2549 1238 222 q̃ otorga el ppͣ̃ por sscõs¶ Et

4747 2726 1148 197 q̃ deꝑtimjẽto a antͤ las cosas

4776 2878 1283 193 q̃ sse ffazẽ por natã opor

4768 3046 1193 181 miraglo ¶ Et qͣ̃ntas cosas a

4739 3186 1300 189 mester el miraglo ꝑa sseer

4747 3301 333 181 ũdadero

5080 3322 864 189 Ley ciͦ por q̃ a

4743 3445 926 177 nob̃re comunjõ

5014 3564 984 337 omunjon tanto qͥer dezͥ

4912 341 353 172 .cxxi.

5615 328 601 190 Quarto.

6154 542 226 243 107
