3576 4711
408 675 2944 153 ponjendo el tyempo en q̃ cada Rey Reyno y qͣntos años biujo Rey y de q̃ muẻte murio y en q̃lugar

392 777 2842 125 fue se pultado haziendo asj mismo memoria d̃las cosas señaladas dignas delo or /o de Re

412 863 2908 130 pre hensjon q̃ cada vno de aq̃llos Reys en sus dias hizo sjgujendo çerca de to do ello su la fe d̃los

412 957 2892 114 mas verdaderos coronistas /y esto con mucha breuedat escusando los corralarios Razona

416 1020 2916 149 mjentos /Et otras proljxidad̃s Re contamjẽtos ynvtiles q̃ escrjujerõ y hingierõ muchos ygran

420 1138 2806 114 d̃s bulumjñs de ljbros / mas yo sola mẽt las cosas arduas señalare /Et las cõ clusjoñs

416 1209 2865 133 d̃los fechos breue mẽt Recontare por tal q̃ el deseo de saber las cosas pasadas q̃ los nobles

412 1295 2877 137 prinçip̃s deuẽ tener no se pierdan por las lảgas escrituras /Et cansançio q̃ ay en leer las

428 1381 2876 138 y por q̃ segũd mj poco saber antẽ ylustrjsjmo yngenjo de vr̃a alteza no me podre escusả

416 1491 2825 126 enesta peq̃na /obra de yerro suplico a vr̃a Real magestad cõ su cle mençia lo perdone /Et

412 1550 990 181 cõ su saber lo enmjende/.

491 1727 2798 196 Segũd fe d̃la Santa escritura y d̃los q̃ las cosas antyguas escriujerõ pasado el diluujo los tr̃s

432 1837 2908 184 hijos de Nohe/ Sen /Et can /Et Jafet q̃ cõ el escaparõ eñl arca pảtyerõ entre sy las cljmas

412 1923 2884 181 /Et partydas d̃l mundo q̃ supierõ por su ciençia q̃ avjan /Et podiã ver abjtables /Et copo a sen

428 2017 2841 165 el mayor la asia en q̃ ay vejnte /Et çinco Regioñs la q̃l en cantydat de tyerras /Et moltytud

428 2104 2825 172 de gent̃s tyene mas d̃la mjtad d̃lo poblado /Et a can el segundo fijo copo la africa q̃ se deujde

420 2182 2821 177 en qñze provinçias la q̃l es mas Rica de oro ⁊ plata q̃las otras dos juntasmẽt /Et a Jafet

436 2276 2817 165 el menor ovo la vropa en q̃ solamente cuentã çinco Regioñs / ꝑo es en noblesa de pueblos

420 2386 2798 154 /Et genero sydat de gent̃s muy mas eçelent̃ q̃ amas las/ otras/ asy q̃ es asya la grande e

420 2465 2782 161 africa la Rica /Et vropa la noble esta vropa en la q̃l biujmos Repartyerõ entre sy los

436 2547 2786 169 syet̃ fijos q̃ ovo este dichõ Jafet com̃o q̃ra q̃los cosmogrofos en çinco provinçias

428 2642 2755 164 las pảten q̃ son la primera jermanya aq̃ comũ mẽte dezimos alemaña /Et germanya en

436 2736 2821 153 lengua latyna es derivada de multjplicaçiõ por q̃ en aq̃lla pͦvinçia multyplica mucho

424 2826 2821 157 la gent̃ /Et disese alemaña por el Rio aljmano q̃ por ella corre /Et la segunda pͦvinçia

444 2916 2904 157 es la greçia q̃ se llamo asy por vn Rey llamado grico q̃la señoreo ⁊ la tẻçera es la ytalja

440 3015 2896 141 ⟦⟧ q̃ en otͦ tyempo la grande greçia se dezia por los griegos q̃la conq̀starõ ⁊ despues põ el

412 3101 2841 153 Rey ytalo q̃ enlla Reyno se dixo ytalia /y la q̃rta es la Françia q̃ se llamo galja q̃

463 3203 2822 137 q̃ere dezir blanca por el color de sugent̃ /Et despues q̃ eñl año de trezientos ⁊ sesenta E

483 3289 2817 150 syet̃ d̃la encảnaciõ /El enperador valentyljano por q̃lo ayudase contͣ los alanos le q̀to

467 3395 2829 134 por dies años eltributo q̃ fazia a Roma ⁊ la hizo francia se dixo francia /Et la q̀nta es

459 3478 2814 141 la españa q̃ primero eberia se dezia por el Rio ebro q̃ por ella pasa /Et despues españa

475 3572 2829 137 se llamo por su prinçipe yspan sobrino de ercoles q̃la señoreo com̃o adelañt se dira

475 3654 2774 138 com̃o q̃era q̃ sea q̃e se cuẽte en vropa çinco Regioñs com̃o los comografos dizẽ

467 3737 2857 208 /o syet̃ com̃o las pảtyerõ los syet̃ fijos de Jafet tubal el q̃rto d̃llos heredo las españas
