3576 4718
326 597 2813 185 las q̃les son enfin d̃la europa al poniente /Et las çe̾ca d̃la pa̾te d̃l medio dia la ma̾ medio

326 699 2876 173 terreña /Et d̃l poniẽte ⁊ setentriõ la ma̾ /oçiana /Et d̃l /orient̃ los mõtes perineos q̃ trauyesan

322 786 2868 165 de una ma̾ a/otͣ d̃s de Uayona hasta colibre las q̃les pa̾ten las españas d̃las galias con

330 872 2860 169 q̃ sola mẽte cõ finã por la tyerra/ este tubal con sus gent̃s a Ribados enla coma̾ca /Et mõ

322 967 2836 165 tes suso dichos enpeçarõ a poblã la tyerra /Et llamarõ se çintubales por s̾ conpañas de

322 1049 2884 177 tubal /Et la primera poblaçiõ q̃ fuzierõ fue en los montes doca /Et despues q̃ poblarõ la

314 1140 2892 177 Ribera de ebro llamarõ se conpañas de ebro /Et poblarõ luego taraçona /Et calahorra /Et a

318 1230 2911 177 gripa q̃ es en aragõ q̃ despues q̃ndo la gano el çesa̾ fue llamada çesaria /Et despues por

318 1313 2821 192 çesa̾ augusto la llamarõ çaragoça / estas gent̃s de tubal despues q̃ fuerõ en much̃a

314 1403 2809 181 multyplicaçiõ se partyerõ en diuersas naçioñs unos se llamarõ alanos q̃ poblarõ alna

306 1490 2876 184 otͦs galanos q̃ poblarõ galizia /Et asy tomarõ otͦs nõbr̃s /Et durando estos tyenpos entrarõ

306 1588 2904 177 asy mesmo de fuera /otras naçioñs en las españas q̃las ayudarõ a pobla̾ põ q̃ de Françia

322 1674 2848 185 q̃ se dezia galia uinierõ los galeres q̃ poblarõ eñl Reyno de portogal una çibdat que se

306 1773 2801 169 llama El puẽto /Et põ ello todo el Reyno tomo nõbr̃ Portogal q̃ q̃re dezir pue̾to

306 1863 2908 161 de los galeses uinierõ asi mismo de alemaña /otras gent̃s llamados uandalos /Et poblarõ

306 1954 2919 176 el andaluzia q̃ primero se dezia uetyza põ el Rio uetys q̃ por ella pasa /El q̃l oy en

310 2040 2896 173 morisco se llama guadalq̃uyr q̃ q̃re desir el Rio mayor /Et asy /otras naçioñs entrarõ

287 2127 2907 176 enlas españas q̃ la senoriarõ /Et poblarõ /Et despues desto much̃o tyenpo ercoles elgrande

302 2225 2908 173 uino enlas españas aconpañado de muy noble geñt d̃los griegos en doze naues gruesas

302 2315 2896 169 despues de põ el mundo auẽ fech̃o cosas muy hazañosas /Et aporto enla ysla donde agorͣ

306 2406 2852 173 es la /cibdat de cales q̃ en est tyenpo era tyerra firme ants̃ q̃la ma̾ la cortase /Et fiziese

306 2480 2864 193 d̃lla ysla com̃o agora esta /Et agradando le much̃o la tyerra poblo alli una buena /cibdat q̃

279 2575 2876 192 fue much̃o tyenpo cabeça d̃las españas ⁊ hizo enlla una torre /Et puso sobr̃ ella una y

298 2673 2892 189 magen de cobre q̃ tenia en la mano diestra una gran llaue /y en la mano siniestra tenya

306 2756 2829 200 tendida a la pa̾te d̃l /oçideñt /y enla palma estauã unas letras q̃ dezian estos son los

306 2838 2860 205 moioñs de ercoles y por q̃ en lengua griega dizen por moioñs gadix fue aq̃lla çibdat

298 2936 2923 201 asy llamada por la q̃l el comun la llama calis. /Et de alli ercoles se fue po̾ el Rio de gua

302 3019 2896 208 dalq̃uir fasta el lugar q̃ agora se llama seuilla la uieia /Et hizo la pobla̾ y de alli de

306 3113 2774 213 çendio adonde agora es seuilla poblada /Et pareçiole muy bien la tyerra /Et q́so fase̾ ally

291 3196 2903 204 una grand /cibdat mas com̃o conoçiese po̾ su estrologia q̃ otͦ ṕnçipe mas poderos q̃ el

306 3290 2900 197 la auya de edeficã dexose d̃llo /⁊ mando pon̾ ally seys ma̾moles grand̃s q̃ aun oy dia

302 3389 2790 196 estan en seuilla eñl lugar donde los puso /Et sobr̃ ellos una grand losa de ma̾mol en q̃

302 3491 2790 192 era escrito aq̃ sera una grand çibdat /Et sobr̃ la losa una ymagẽ de cobre q̃ tenia su mano

302 3581 2778 181 diestra tendida al oriẽte y en la palma unas letras q̃ deziã aqͥ llego hercoles /Et por q̃ en

306 3664 2786 228 españa auia algͦs senor̃s q̃ tyranameñt soiusgauã algunas comarcas ercoles apedimiͦ

3107 471 79 106 2

3295 4513 31 131 ii
