3598 4718
353 617 2729 185 sobre el auiso d̃la gent̃ q̃ sobre ella uenia /Et de alli comẽçarõ de gana̾ la tyerra por fu̾ça

353 707 2761 185 de armas /Et com̃o la gent̃ de españa aun era poca ueyendo el grande pode̾ d̃los almudiñs

361 805 2765 162 soiudgarõ se a ellos ⁊ dierõ les el señorio d̃las españas q̃ teniã los Reys griegos estos

342 876 2717 173 almunid̃s poblarõ cordoua /Et ciguẽça ⁊ otͦs muchõs lugar̃s /Et touyerõ el señorio d̃las

346 955 2748 196 españas por espaçio de q̃renta años q̃los Romanos uinierõ a ellas /y las conq̃starõ

330 1045 2902 189 /Et poblarõ muchas çibdades /Et uillas asy de nueua poblaçiõ com̃o las q̃ estauã d̃s poblad̃s

338 1140 2831 177 d̃l tyenpo d̃la seca /Et com̃o los africanos touiesẽ guerra cõ los Romanos amil ca̾ duq̃

338 1234 2760 177 de ca̾tago cõ grand̃s guest̃s paso enlas españas ⁊ gano enllas muchas çibdad̃s y

334 1317 2792 192 uillas /Etl qͣl peleando sobr̃ çiguẽça cõlos Romanos q̃ eñlla biuyã fue mue̾to /Et su gent̃

338 1403 2799 208 d̃sbaratada /Et por q̃ anibal /y asdrubal /magõ ⁊ amõ hiios deste duq̃ erã de peq̃ña

338 1505 2815 193 hedat al tyenpo de su muer te /obo de uenir alas españas por ellos asdrubal ye̾no d̃l d̃ho

330 1592 2827 208 amulca̾ el qͣl fue asy mesmo mue̾to afierro por lo q̃l tanto q̃ anibal fue de hedat

334 1682 2835 197 de ueynt̃ años paso enlas españas /Et cõ el sus he̾manos /y entro por ca̾tagena q̃ estauͣ

334 1777 2784 200 por el y fue sobr̃ çiguẽça /Et d̃struyo la çibdat por uengar la muẽte de su padr̃ /Et gano

334 1867 2760 201 mucha pa̾te d̃las españas ⁊ dixo q̃ pues cõlos Romanos auia de contende̾ q̃ en su

326 1965 2733 181 tyerra d̃llos adonde mayor podẽ teniã q̃ria q̃ fuese pãlo qͣl se paso en ytalia adonde

326 2060 2796 177 andouo dies ⁊ seys años ganãdo cibdad̃s y uillas Et uençio a los Romanos en qñze bata

326 2158 2776 173 llas canpal̃s /Et dexo en su lugar en españa por senor̃s asus he̾manos asdrubal /Et magõ

322 2233 2733 181 contͣ los q̃les los Romanos enbiarõ en españa los dos çipioñs he̾manos cõ grand̃s

330 2327 2752 189 guest̃s y pelearõ cõlos africanos /Et fuerõ mue̾tos los çipioñs /Et sus gent̃s d̃sbaratad̃s

314 2414 2800 192 sobr̃ lo q̃l Roma enbio çipiõ el mãçebo su sobrino d̃los muẽtos q̃ despuesfue llamado

314 2508 2867 193 africano mayor por q̃ soiusgo a africa /Et puso ca̾tago so el senor̃io de Roma elqͣl uen

318 2598 2823 197 çio los africanos /Et los echo d̃las españas /Et las gano /Et estouierõ sola /obidiençia de

314 2677 2886 212 Roma todo tyenpo q̃ biuyo este çipiõ /Et despues de su mue̾te los españoles d̃sobedeçierõ a

322 2783 2863 169 Roma /y el senado enbio contͣ ellos sus capitanes /Et soiusgando una comãca se leuãtaua

314 2862 2886 188 /Et desobedeçia otͣ en q̃ ouo muchas batallas /Et algunas uezes uençiã los Romanos Et muchas uençiã

314 2936 2878 217 los españoles ⁊ fasyã enlos Romanos mucho daño q̃ en una batalla q̃ ouierõ cõ un cõsul

314 3027 2827 200 de Roma q̃ uino a soiusgar los cõ grand gueste fue muerto el cõsul /Et todos los suyos

314 3113 2922 205 syn escapa̾ una sola p̃sona q̃lo hiziese sabe̾ en Roma /Et d̃los de ma̾sella lo supierõ /Et sobr̃

314 3204 2871 204 ello enbiarõ otͦ cõsul llamado tyberiõ /El qͣl tomo põ fuẽça de armas çiento Et çiñqueta forta

306 3314 2914 165 lezas /Et uillas ⁊ sosego la tyerra /Et no syn Razõ los Romanos hasyã mucho por cõserua̾

306 3393 2910 188 el señorio de españa com̃o en aq̃llos tyenpos muy grand̃s myneros de oro eñlla fuesen

298 3479 2981 197 hallados asy enla pa̾te donde agora en castilla llamã las esturias com̃o en por

306 3569 2855 217 togal en la comãca de entre duero y miña Et tras los mõt̃s y asy en galizia /Et otras

310 3668 2914 224 pa̾tes d̃las españas se sacauan tanto oro que se escriue lleuã a Roma en cada un

2992 534 134 87 3

3169 4450 134 212 iii
