1792 2565
382.0 463.0 1114.0 118.0 de todoslos muros de troya /yde como por vnͣ

376.0 547.0 1118.0 75.0 parte pasavelj rio llamado symoys /y dela

384.0 595.0 1111.0 71.0 otra parte esta la trr̃a sigea /ado estauala

382.0 641.0 1117.0 85.0 alta casa rreal del rey piriamo /y como /

386.0 702.0 1103.0 74.0 archiles tenja las sus tiendas dela vna pte

380.0 752.0 1110.0 81.0 y vljxes de otra y cuentã asy mesmo /como

382.0 803.0 1112.0 84.0 hetor alegre espanto los cauallos de archi

383.0 864.0 1113.0 65.0 les ally enbjados para albergarse /todas a

390.0 916.0 1095.0 80.0 q̃stas cosas reconto /el viejo nestor atufijo

376.0 959.0 1138.0 88.0 talamaco enbjando asaber de ty /y el melas

378.0 1013.0 1138.0 77.0 reconto amj/ymas como reçio y delon fueron

387.0 1068.0 1124.0 86.0 muetos afierro/ el vno muẽto/ por sueño el

382.0 1124.0 1132.0 81.0 otro traydo por engaño y grant olujdador de/

382.0 1175.0 1125.0 86.0 los tuyos q̃ con tus enganos/y con ayuda de

391.0 1229.0 1105.0 85.0 vn solo conpanero tuyo /diomedes/ llegar/

389.0 1285.0 1095.0 77.0 osaste alas tiendas treyanos de noche ado

394.0 1338.0 1108.0 78.0 mataste muchos/ omes/ sy ensto eres agora

391.0 1385.0 1108.0 94.0 biẽ sabjo /y cauteloso /menbrarte deujas/

390.0 1444.0 1096.0 85.0 como te solias acordar demj/ los mjs pechoᷤ

389.0 1507.0 1120.0 66.0 tienblan /continua menṫ por q̃ seyendo vence

392.0 1557.0 1116.0 77.0 dor dizen q̃ eres ydo conla cõpanã amjgable

391.0 1607.0 1135.0 85.0 delos ysma⟦⟧ios a tomar los cauallosde tra

392.0 1668.0 1116.0 76.0 çia/ q̃ de rezjo avjan robado/ mas amj q̃ue me

397.0 1720.0 1131.0 88.0 aprouecha q̃ troya sea derrocada por vuestros

402.0 1763.0 1120.0 79.0 braços y el grant̾ yljon y los muros q̃ ant

387.0 1810.0 1146.0 115.0 fuerõ estables y firmes pues quedo qualera
