1791 2566
282.0 493.0 1111.0 78.0 durant̃ troya /y q̃ mi marido perpetuament

282.0 555.0 1112.0 67.0 deuria tener /es ausenṫ/ asy q̃los muros detro

292.0 594.0 1116.0 74.0 ya /q̃ para las otras dueñas son abatidos pa

282.0 652.0 1121.0 70.0 mi sola duran/ los q̇uales el uençedor /yuĩstã

278.0 701.0 1125.0 74.0 te labra con los catiuos buyes/ et ya son mieses

282.0 754.0 1109.0 74.0 segaderas con fos/ cala tierra sobrepuya su

282.0 811.0 1104.0 62.0 a costunbrada manera engrasada/ con sangre

282.0 853.0 1111.0 69.0 de frigia/ los cuerpos medio soterrados delostro

288.0 902.0 1102.0 71.0 yanos son feridos/ con coruo aradro /y la yerua

280.0 945.0 1098.0 78.0 cubre ya las cosas /derrotadas/y tu uencedor eres

282.0 990.0 1118.0 80.0 ausenṫ/ en tal manera q̃ no puedo saber la causa

285.0 1039.0 1096.0 75.0 de tu tardança /ni en q̃ual parte del m̃udo estas as

283.0 1087.0 1105.0 77.0 condido/ auñ q̃ q̇ual q̇er/ q̃ aesta nr̃a ribera uuelue

288.0 1134.0 1089.0 73.0 su pelegrina barca ua enoiado de tantas cosas

286.0 1178.0 1111.0 75.0 como dety le pregunto/y dole yo aq̃sta letra fecha

286.0 1231.0 1102.0 64.0 conlos mis dedos por q̇ si en algunṫ lugar te uiero

289.0 1277.0 1099.0 63.0 q̃ tela den nos auemos enbiado ala çibdat de pi

282.0 1320.0 1121.0 58.0 lon /la q̃ual es enlos canpos de lemos/ q̃sdel padre

282.0 1365.0 1104.0 59.0 del antiguo nestor/y de pilon me es enbiada fama

286.0 1407.0 1124.0 69.0 de ty çierta/ asymesmo auemos enbiado ala çibdat

288.0 1454.0 1098.0 69.0 desparte y no se falla uerdat deti/ en q̃tierra mo

284.0 1492.0 1115.0 73.0 ras/ o enq̃ lugar te detardas/ ay cuytada q̃ agorͣ

282.0 1543.0 1102.0 73.0 ligera menṫ me ensaño delo q̃ anṫ desseaua ueo

280.0 1590.0 1114.0 72.0 q̃ para esto mas prouecho me seria q̃ los muros de

280.0 1639.0 1116.0 73.0 febo/ estouiesen/en suuigor/ca sabria yo ado pe

285.0 1686.0 1108.0 67.0 leauas y solament temeria las batallas y la mi que

286.0 1730.0 1098.0 73.0 rella seria iunta cõ otras muchas/ agora no se q̇ue

282.0 1776.0 1104.0 60.0 tema /y por esto como sandia temo todas las cosas

252.0 1813.0 1143.0 105.0 y demuestra se el grant mundo en mis pensamiẽtos

1510 132 64 101 4
