3265 2202
368 330 1146 70 Yo el minimo de nuestra Escuela no he querido asconder el talento

368 392 1047 55 de uuestra doctrina; ni faltar alo que deuo a tanto beneficio, è

370 442 1123 77 Maestro; sino dirigir, è dedicar a Mercurio parte de lo, que por

368 499 1087 79 su gracia, y clemencia me ha querido enseñar, solo para gloria

368 554 1105 84 de Dios, è honrra uuestra. E ansi vos ofrezco, è dedico doze

368 614 1103 88 dialogos de filosofia Christiana. Donde se narran todos los grados,

368 682 1074 81 è perfecion que deue tener el buen Cortesano Christiano, que

368 739 1116 81 pretende ser Sacerdote; Obispo, Cardenal, è Monarcha, los quales

368 820 1105 55 he ordonado a jmitacion de uuestra santa uida, è obras; para

368 862 1026 84 que de ella tomen Exemplo, è luz los que a estos grados

368 921 1065 93 Eclesiasticos aspiran (è como dize Christo) glorificen a Dios

368 989 1094 91 Padre nuestro, que es en los cielos. Por tanto jllͫͦ Señor

368 1056 1043 76 acceptad mi humilde seruicio, è dissipad, è plantad en el

368 1117 1078 83 como Señor, è Maestro. Pues quanto yra mas corregido, è

368 1172 1094 92 perfecto, tanto resplandecera mas uuestro clarissimo nombre, è

368 1262 202 57 doctrina.

368 1321 1078 82 Solas dos cosas me quedan dezir. La primera es, que si mis

368 1394 1045 73 condiscipulos han publicado uuestra gran uirtud, è doctrina

368 1453 1074 75 con sciencias Especulatiuas como mas eraditos, è participantes

368 1510 1070 77 de las colunas de Mercurio. yo como humilde, yde menos

368 1567 1074 84 talentos solo escriuo por pratica aquello, que como Christo

368 1631 1081 81 a San juan dormido en su pecho me haueys querido comunicar,

368 1693 1092 94 è lo que como a persona de uuestra real sangre os aueys

367 1781 389 96 dignado participar.

1862 339 990 84 De manera que si ellos publican uuestra grandeza,

1855 403 1109 66 excellencia especulatiuas. yo por pratica, è experiencia

1840 458 1270 81 propia de V. jllͫͣ vida, è obras, tales que puedlo dezir, afirmamos

1860 513 1138 81 lo que uimos; como ellos lo, que oymos, dezimos, è ansi no aura

1859 565 1103 99 diferencia en los seruivios, que os hazemos. Porque si ellos

1848 640 1121 81 os dedican sus obras de sciencias, no os dan cosa, que no la

1848 702 1090 74 ayan de vos receuido. E si yo os dirigo mis dialogos de

1859 767 1082 80 demostraciones publicas, y experiencia, tan poco os doy cosa,

1855 823 1114 85 que de uos no la haya sacado, è jmitado. Digo esto afin

1851 889 1092 83 que V.S. jllͫͣ no tiene obligacion a mi seruicio; porque

1859 952 1090 82 yo no os doy nada de lo mio; sino aquello, que yo he sacado

1848 1007 1143 92 de lo uuestro (esto es) aquello, que yo he imitado de uuestra

1840 1101 5 40 exemplar vida, è obras en el grado de Obispo, è Cardenal

1842 1141 1142 92 Christianissimo, è benemerito. Pues a Ley de Christiano

1844 1209 1143 73 è sin Adulacion de mundano. Hago testimonio, soys en la

1840 1269 1135 85 yglesia de Dios la luz de la santa doctina, è la sal

1851 1341 1090 84 del buen Exemplo, è limpia consciencia, que dize

1842 1414 228 76 Christo.

1842 1502 1160 72 La segunda cosa es, que pues uuestros discipulos en quantas

1840 1561 1094 70 obras os han dirigido, unos han hablado en lenga griega,

1840 1622 1085 73 otros Ebraica, otros latina, otros francesa, è italiana.

1840 1704 1081 68 Justo sera que para cumplido renombre, è mas honrra

1840 1763 1107 73 uuestra no faltasse la Española hija de la latina que

1840 1825 1081 88 al que la entiende no es menos excelente, y estimada
