3265 2202
1936 515 958 81 Carta del Autor a quien dirige la obra

2015 673 600 99 Illͫͦ Sͫͦ Señor

1866 825 1109 94 Fue Antigua Ley en le Academia de Pitagoras. que ninguno

1866 908 1114 68 de sus discipulos podia hablar. ni dictar hasta que oyesse siete

1866 968 1118 65 años: porque para ser buen Maestro presupone auer sido buen

1866 1023 1090 70 discipulo. A cuya imitacion en la de U. S. illͫͣ ninguno sia

1866 1091 1121 70 hablado hasta el tiempo cumplido. e doblado para mas perfecion

1884 1145 1113 100 suya. e honrra nuestra. E por que entre los que de estra nuestra

1866 1223 1149 81 Academia se han senalado el doctissimo filandro en Mathematica.

1866 1293 1134 70 e Metaphisica. e el erudito Pedro Gilio en las cosas naturales

1866 1359 1050 70 e Cosmographia. e el excellente doctor Fossés en drecho. e

1866 1425 1046 68 disticos: el graue Thomas Spica en humanidad con doctas. e

1866 1495 1075 70 publicas obras de la doctrina. que les haueys comunicado. como

1866 1557 1075 72 a Pitagoras. e Platon las colunas de Mercurio. Todos ellos

1866 1627 1088 66 os las han dirigidos. como a Señor e Maestro de quien han

1866 1697 1094 68 sido enseñado. A imitacion de los Antigos Egiptos. que todas

1866 1768 1072 66 sus obras dirigian a Mercurio como a inuentor. y enseñador

1866 1827 690 72 de todas las sciencias. e cosas buenas.
