3265 2202
317 304 1167 79 que ha imaginado en si esta uanidad que ay fortuna: e que por su buena.

317 363 1154 66 o mala prouision (los hombres) son ricos. o pobres. F. no passa ello

319 411 1163 67 ansi. B. si passa segun tu dizes: pero no dexan de cer ciegos. los

317 462 1176 64 que tal piensan. ni creen. F. tu que crees. B. creo della. lo que

319 524 1145 57 tengo dicho. que es chimera imaginada de ignorantes. F. E si

319 568 1167 72 mañana fuesses libre de los trabaios de pobre que diras B. lo

319 631 1145 62 mismo: porque lo que ami dara sera necesario quitar lo a otro.

317 682 1158 70 De manera que dexara ael pobreza. e a mi en cuydado. F. no es

317 741 1151 64 poca tu constancia. siendo tanta tu pobreza: pues ha quarenta

317 787 1171 69 anños. que te persigue. e siempre te halla contrario. Pero ya

317 840 1156 68 que ni a ella creas. ni temes. e la tienes por cosa fingida. ella

317 893 1193 57 te hara conoscer lo contrario. B. yo se bien que las mudanças de

317 950 1186 70 estado. fauor. riquezas. honrra. e contento propio. son en el mundo

317 994 1162 72 tan continuas. e mudables. que puede nuzir alos que confi⟦⟧ͣⁿ:

317 1053 1173 62 porque oy los honrra. e mañana los rie: pero a quien caresce destos

317 1108 1154 60 sus dones fortuitos. e solo pretende los eternos poco daño receibira

317 1148 1202 75 de su ira. F. que llamas dones eternos B. el amar a Dios. a si mismo.

317 1196 1200 82 e al proximo. y el tener porfin a la uirtud en todos sus Actos hazen

317 1253 1200 73 al hombre eterno. y uirtuoso. F. quien es el que de baxo de tanta

317 1306 1202 79 flaqueza humana puede ser tan perfeto. B. el que se precia de

319 1372 1160 62 Christiano en su Ley. de claro en su sangre. e de uirtuoso en sus

317 1423 749 74 Actos. F. quien sera este. loarlo hemos.

317 1484 1191 88 B. Mira fortunato la scala por donde son coronados los hombres de

317 1552 1191 71 uirtud en uirtud: para uer a Dios de los Dioses en sion. es esta al

317 1590 1173 85 hombre cuerdo la buena natura. e costumbre lo hazen uirtuoso. e la

317 1651 1180 81 uirtud noble. la arte. e diligencia sabio. la esperiencia prudente.

317 1710 1178 75 el contantamiento rico. la uerdad acreditado. la uirtud señor de si

317 1763 1151 70 solo. e la esecucion della señor de muchos. F. declara te mas. B.

317 1811 1169 86 digote fortunato. que al que haze profession de cuerdo: su noble

1816 317 1171 86 natura. y buena costumbre le hazen tan grande de animo. que

1794 385 1206 68 iamas obedesce a otro: sino aquien le enseña. e obra uirtud.

1809 429 1219 77 E ansi es uirtuoso el trabaio del cuerpo. e diligencia del Espiritu

1816 478 1201 83 ha sido tanto enel Estudio. que ha sido docto la esperiencia de

1820 544 1127 63 las cosas de tu uano mundo. ha notado tanto. que le han

1815 590 1189 76 hecho esperto. e prudente: la suerte le ha sido tan fauorable

1800 651 1086 73 siguiendo la uirtud. que le hazen atodos bien uisto: el

1793 713 1196 65 contentamiento de la pobreza de su Espiritu es tanto que le

1807 770 1162 68 hazen rico. Trata a todos con tanto peso. y medida. que le

1793 829 3 40 dan total credito: la uertad da tal fin a todos los actos

1800 877 1158 71 uirtuosos. que no solo le dan renombre de Christiano. e

1798 926 1199 81 uirtuoso: pero hazele señor sobre todo uicio. e uicioso. De

1793 990 1198 70 manera fortunato. que subiendo per esta escala de semeiante

1796 1044 1193 77 uida allega al premio de la uirtud. que es la honrra. donde

1794 1093 1190 72 lo coronan de sabio. prudente. iusto. bien afortunado. uero.

1793 1146 1198 85 rico. cuerdo. e uirtuoso. E con el habito que ha hecho de estas

1793 1207 1204 84 uirtudes. siruese de todas las cosas de su Republica. e mando como

1794 1255 1204 95 señor. e al fin consigue el cielo como Christiano. F. en breues

1793 1313 1141 88 palabras me has pintado la uida que deue hazer todo buen

1793 1367 1178 77 cortesano. B. Mas todo hombre uirtuoso. e Christiano. F. esso

1793 1422 1205 91 entiendo: pero yo no trato de los bienes del alma. sino de los daños.

1793 1473 1176 88 que puede hazer la fortuna ala honrra. e hazienda. B. quien es

1793 1524 1198 88 la tierra dize SanIuan. habla della. De que sirue replicar de

1793 1576 1205 86 lo que no te quiero escuchar. F. tan mal te parescen los bienes

1793 1625 1154 83 de fortuna: pues no puede resplandecer sin ellos la uirtud.

1793 1686 1176 77 B. no estoy mal con ellos usando bien dellos: pues con el tener

1793 1739 1169 92 se puede merescer: pero son tan peligrosas las riquezas y estados

1793 1820 1139 86 temporales. que de mill se saluan ciento. si bien no usan dellos.
