3754 5082
316 285 1209 121 lo teu cors maniaran uerms ela tua.

310 375 1136 119 casa sera tost destruida. al qual eldix.

310 465 1156 113 Qui es tu qui tan fort me manasses. Sapi

310 544 1147 108 es que eu son nicholau bisbe dela ciutat

316 629 1152 105 de mireẽ. E axi cascun despertat demanti

310 711 1153 119 nent la .i. alautre lo sop̃ni reconta. eꝑ

319 796 1166 124 aquels qui eren carceratz els tramese

327 878 1150 132 ren mantinẽt. als quals lemparador

322 974 1158 118 dix. Quines artz ni qujns encantamẽs

327 1075 1133 107 sabetz uos altres que axi nos escarnitz

330 1149 1133 115 ab tans sompnis. Als quals els respose

333 1242 1135 113 ren que no eren encantadors ni no.

333 1326 1141 108 aujen merida sentencia de mort. per q̃

341 1417 1108 104 adoncs lemꝑador los dix. Conexets

353 1502 1136 118 uos altres negun hom qui aia nom

341 1575 1148 133 Nicholau. on els ausit aquel nom le

344 1674 1138 118 uaren les mans ues lo cel deus p᷎gã

341 1747 1147 124 que els ꝑlos meritz de sent nicholau erẽ

341 1843 1133 119 deliures daquel present trebail. Ecõ

347 1922 1147 133 lemꝑador apreses per els tota la uida

347 2018 1152 122 els miracles del. a els dix. anans uos

344 2106 1127 118 enfetz gracies adeu. quj uos altres

350 2196 1144 127 a deliuratz ꝑ les sues pregueres. E de

350 2298 1135 118 nrẽs coses ael aportatz joze el pregan

347 2377 1130 104 que dassi enant amjno menas. mas

361 2447 1184 133 que per mi e ꝑlo meu regne adeu fassa

355 2543 1159 127 pregueres. On ap̃s pocs dies los deuãt

347 2631 1169 107 ditz barons uengren al seruidor ded̃u

347 2707 1152 127 e als seus peus humilment se giraren

353 2795 1158 121 diens .verament est tu seruidor de deu

350 2879 1164 122 E ueramẽt est tu coltiuador eamador

353 2967 1152 113 de crist. E con ael recomtassen tot lo

353 3057 1158 122 fet ꝑ orde cols era pres. E les mans

353 3142 1172 113 leuades en ues locel el feu adeu moltes

355 3224 1170 124 lausors. E be estroitz los pͥnceps en lurᷤ

367 3323 1130 118 partides el los trames ¶ Econ nostre

355 3402 1159 113 seyer uolgues el reebre angels qujael

361 3495 1158 118 uenien iijii. Edit losalm qui comẽsa

361 3591 1136 101 En tu seyer eu ay ma esperansa entro

364 3673 1169 101 al uers quj comensa en les tues mans

364 3763 1150 130 coman lo meu espirit. En layn que

1409 169 203 144 .XI.

1570 262 1158 116 hom comtaua dela passio de nr̃e seyor

1590 361 1147 96 .ccc.ix. el liura la sua p᷎ciosa aĩa en les

1595 448 1156 127 mans dels santz angels qui ael apereg

1607 533 1132 119 ren. loqual concebelit fos enlouas q̃

1598 615 1161 116 era de marbre. ꝑlo cap font doli. e ꝑ los

1598 697 1144 124 peus font daygua ixi. e entro al dia de

1598 790 1175 130 uuy. Dels seus mẽbres ix oli sagrat per

1595 900 1173 113 lo qual son moltz homens sanatz Mira.

1615 968 1136 130 ¶ E succehi ael .i. baro sant. loqual de

1590 1070 1172 118 la sua sehila ꝑ en ueyoses fo gitat. E el.

1612 1143 1167 127 fora gitat loli defali que deluas de sent

1612 1225 1130 110 nicholau no ixi. E demantinẽt con el

1607 1304 1172 124 fo tornat ala bisbalia loli exi deluas.

1612 1400 1161 113 Miracłe. ¶ E ap᷎s molt de tep̃s los turcs

1584 1485 1203 121 destruiren la ciutat de mirẽe cobrirẽ

1615 1566 1150 122 lavas de sent nicholau. ꝑso cor els re

1618 1662 1153 116 tornans enla ciutat debarna porta

1629 1761 1184 102 ren los osses del en oli nadans Miracle.

1641 1829 1161 121 ¶En layn de nr̃e seyor que hom

1610 1922 1175 110 comtaua .M.C.lxxͣx.⁊.vii. unba

1621 1998 1152 133 ro recebe aprestec una soma dedi

1627 2089 1180 130 ners de .j. Juseu juran sobre lautar

1621 2179 1189 130 de sent nicholau. con altra fermãsa

1624 2278 1161 121 auer no pogues. que al pus tost q̃

1627 2368 1146 110 el pogues lõ pagaria. onaquel ten

1621 2442 1198 121 gues longuament los diners. lo jueu

1632 2532 1147 119 demana ael sos diners. lo qual dix

1629 2614 1144 116 li que ellauia pagat. perq̃ lo uieu

1627 2710 1144 104 sen clama. ꝑque lo iutge mana al

1629 2792 1184 110 deutor que uinis dir ueritat si lauj

1641 2882 1149 119 pagat. on el aporta absi .i. basto ca

1635 2958 1169 116 uat plendor axi consi enel se soferiᷤ

1632 3046 1181 113 E axi con el uolc fer lo sagramẽt elliu

1632 3125 1147 121 ra lobasto al jueu quel li gardes. E

1638 3224 1195 118 en apres el iura que pus li auja retut

1638 3306 1166 113 que no li deuja. Elo sagrament fet

1638 3390 1172 119 el demana lo seu basto. el meu igno

1638 3478 1149 124 rant dela sua sabentia lo rete ael.

1638 3577 1178 107 E axi col doucor sentornaua enues la

1635 3659 1175 107 sua casa elsa dormi en un entre forc

1641 3735 1161 124 de carreres. En apres una carreta.

3037 194 233 161 11
