3754 5082
864 279 1258 140 mot corrent uenc qui laucis e espessey

864 372 1250 131 lo basto plen dor el aur ses campa. E au

864 457 1233 123 sen aquest fet lo uieu molt cuytosamẽt

868 550 1203 119 anala. e con el uis lo frau quel crestia li

864 626 1250 123 auia fet. e con moltz ael dixessen q̃ preng

860 719 1258 123 ues laur o ouolt fer. Si doncz sent nicho

864 787 1250 144 lau ꝑsos meritz no ressucitaua aquel c̾stia

864 897 1229 110 affermans ꝑsafe que si aclos fassia ꝑ sent

864 978 1241 123 nicholau que el se bateyaria efez el crestia

855 1062 1242 132 se faria. ꝑ que demantinẽt sel qui mort

864 1143 1237 123 era ressucita. el iuen en nom de crist asso

864 1236 1216 119 uesent se bateya. Mir. ¶un iuseu uesẽt

860 1321 1262 114 la uirtuosa potencia desent nicholau en

864 1410 1224 118 miracles fasen. el feu fer asi una molt

864 1499 1258 127 bela ymage ab semblansa del. e aquelael

864 1588 1254 114 aloga en la sua casa. ala qual con ab altre

864 1672 1267 119 en luyn t̾ra anas les sues coses abmenas

864 1749 1262 118 ses li comana aytals paraules osemblãs

851 1842 1242 106 diens. Onicholau uet totes les mies

860 1926 1279 123 coses ꝑso que tu les megarts atu les lui

855 2015 1267 123 re. e sinoles megardes sapies que cruel

843 2100 1220 123 ment ab uergues te batre. on alcuna.

834 2168 1263 140 uegada dementre que el no era en la suͣ

864 2274 1224 110 casa. layres iuengren qui tot o raubarẽ

860 2350 1194 123 la ymage de sent nicholau solamẽt ile

834 2439 1242 123 xaren. E qͣnt lo iueu fo uengut e axis

868 2536 1220 123 uiu raubat. ala ymage ꝑ aitals parau

868 2604 1212 123 les o per semblans el parla. Sey̾ nicho

864 2697 1241 127 lau no auia eu uos pausat en la mia casa

851 2778 1237 114 ꝑso que les mies coses de ladres gardas

864 2879 1182 106 ses. ꝑ qual cosa no o auetz feyt. e als

864 2968 1229 102 layres qͣnt me raubauen no ouedets

868 3053 1267 123 emꝑamor dayso cruels turmẽs soffer̾r

864 3142 1267 118 etz. e ꝑ los layres gran pena auretz. eaxi

864 3231 1250 101 lo dapnage meu enlos teus turmens

868 3311 1225 119 eu reposare. ela mia furor enlos teus

868 3392 1250 131 batimens refredare. E axi con lo iuseu

872 3481 1242 127 comensa la ymage cruelment abatre.

864 3578 1250 110 ab uerges marauelosa cosa de tot entot

860 3659 1288 97 fo quels layres fe estar esbaleitz. E axi cols

864 3752 1250 152 layres deuesien aclo que li auien robar

2152 283 1296 115 lo sant baro dedeu. axi con si el fos batut

2148 372 1313 110 aels aparec aquestes paraules osembl

2152 461 1296 123 ans dien. ꝑ qual cosa tancruelment eu

2152 546 1322 118 ꝑuos altres son batut e flagellat e turm

2152 631 1305 114 entat. Ueus lo meu cors con blaueya. ueꝯ

2152 715 1275 119 enqual man̾a ꝑlescampamẽt dela sanc

2152 800 1313 131 con uermelega. leuatz molt cuytosamẽt

2160 897 1271 119 e retetz li tot aclo que li auetz emblat

2152 986 1305 106 En altra man̾a la ira de deu tot poderos

2160 1071 1297 114 en contͣ uos altres uenra. en axi quel ur̃e

2156 1156 1297 89 crim denant totz se publicara. e cascun

2156 1236 1275 119 de uos altres sera penyat. al qual els di

2152 1317 1237 114 xeren. Qui es tu qui aytals paraules

2156 1406 1259 97 anos dius. E el lor dix. Eu son nicholau

2160 1490 1255 119 ser de ih̃u crist. lo qual aquel iueu ꝑ les

2160 1575 1225 119 sues coses que li auetz emblades tant

2160 1664 1263 118 cruelment a mi batut. On en axi espaor

2156 1749 1263 118 ditz al iuen sen uengren e aquel mira

2160 1842 1238 89 cle ael recomtaren. E ausiren ael dir en

2165 1926 1237 119 qual man̾a la ymage auia ferida. per q̃

2160 2007 1259 118 els li reteren tot so que li auiem enblat

2160 2092 1271 114 e axilos ladres enla uia de dretura son tor

2160 2181 1233 122 natz. el uiseu areebuda la fe del salua

2160 2265 1259 123 dor humilment Mira. ¶ Era unbaro

2160 2354 1259 119 que ꝑ amor del seu fil qui aletres ap᷎nia

2165 2435 1266 122 celebraua la festa desent nicholau cascũ

2160 2519 1246 127 ayn sollep̃nialment. emꝑamor dayso

2165 2612 1266 115 una uegada lo pare del enfant aparela

2169 2697 1254 119 gran conuit e moltz clergues el cõuida

2165 2790 1266 89 e uenc lo diable ala porta enabit de pelegͥ

2160 2871 1263 118 demanãt alm oyna assi esser donada. per

2165 2956 1250 101 que mana mot cuytosamẽt lo pare al fil

2169 3044 1271 119 que li donas lalmoyna al pelegͥ. per que

2169 3129 1267 110 lenfant se cuyta eno troba lo pelegͥ. perq̃

2165 3227 1258 118 lo segui perso cor sen amaua. E confos ꝑ

2169 3316 1237 110 uengut a.i. cap de carr̃er lo diable pres

2165 3396 1275 114 lenfant e estranguola lo. Equant lo par̃

2169 3485 1271 110 o ausi dir mout fortment se plora. el corᷤᷤ

2152 3561 1292 119 den infant sen porta en la cambra lo posa

2160 3646 1250 118 E comensa adir per grans dolors q̃ auia

2169 3735 1296 156 o fil molt car cons es apres. osent nicholau
