3754 5082
902 309 1241 118 axi con lo gitaren molt gran foc en la

894 398 1266 105 mar se comp᷎s. E contͣ natura molt lon

894 482 1249 102 guament els loueseren cremar. E quãt

889 554 1233 115 foren uengutz denant loser dedeu els

898 656 1245 93 dixeren. uerament tu est aquel qui en

898 732 1245 98 lamar anos aparaguist. edeliurest nos

894 821 1245 102 del poder del diable. e del peril nos de

894 902 1262 127 liurest ¶ En aquel metex tep̃s con al

902 990 1237 98 cunes gens contrastassen al emperi

902 1058 1258 136 de roma. contra els lemparador trameᷤᷤ

898 1156 1241 106 tres pͥnceps. ennepocian. en cors. en

898 1249 1258 97 apelion. los quals uengren al port adria

864 1325 1301 119 tico ꝑ uent que agren contͣri. los quals

851 1418 1301 115 conuida sent Nicholau mot que ab els

838 1507 1339 110 meniassen. e uolt que la sua gent se abs

864 1600 1292 119 tenguessen de robar. cor les gens roba

894 1694 1262 114 uen q̃ aqui eren afira uengutz. edemẽ

881 1770 1292 106 tre quel sent baro no era en la sua ciutat

885 1854 1288 115 lo consol corromput ꝑ din̾s mana degolar

868 1935 1288 102 tres caualers senes colpa. la qual cosa

868 2024 1267 114 sent Nicholau ausis dir. prega los

898 2092 1271 135 pͥnceps que ab elanassen tost la. E quãt

889 2193 1254 102 foren uengutz al loc onhom los deina

898 2286 1241 102 degolar. el los atroba ab lo col encli e

847 2354 1296 115 ab la cara cuberta. e ui ia lo degolador

877 2460 1258 97 ab les pasa estranden sobrel cap dels.

855 2541 1284 122 mas sent Nicholau escompres damor.

860 2604 1288 148 en uers lo degolador molt iuasseramẽt

889 2697 1276 140 segita. elespasa dela man del porregita

898 2799 1224 110 e solue los caualers. esens mal absi

894 2875 1262 127 los sen mana. e demantinẽt el sen a

898 2960 1228 135 na ala cort del consol. car troba les

906 3066 1233 114 portes tancades el les obri ꝑforsa. ꝑ

906 3133 1267 123 que en apres lo consol uenc ael decor

906 3244 1263 97 rentes el saluda. Mas aclo meyns p̃ant

906 3311 1250 127 losant baro dix ael. o enemic de deu

910 3417 1233 106 regirador de ligs ab qual oltracuyda

910 3506 1233 110 ment p᷎sumex tu qui est colpable de

910 3591 1212 106 greu crim guardar la mia cara. E

915 3680 1211 101 qͣnt lat molt repres ello recebe be

915 3760 1207 153 nignament. p les pregueres dels.

2182 266 1241 157 pͥnceps. E recebuda benedictio del sant

2177 372 1250 131 baro. los pͥnceps del Emperador en lur

2182 470 1262 118 uiatge sen anaren. esubiugaren los ene

2182 559 1203 114 mics alemperi senes batala. per q̃ qͣnt

2182 626 1249 110 sen foren tornatz els foren reebutz molt

2186 707 1212 144 honradament ꝑ lemperador Mira. ¶ E

2190 817 1208 114 als cuns dels ꝑenueya e ꝑ pregueres del

2190 902 1241 114 maioral del emꝑador ab preu que nagren

2190 986 1250 102 acusaren els al Emperador de crim del

2194 1075 1221 98 esa maiestat. ꝑ la qual cosa lemperador

2199 1143 1224 127 molt irat los mana en carcerar esenes

2194 1249 1225 118 altra demanda que ad els no feu. aque

2190 1338 1225 114 la nuyt los mana aucir. E conels o.

2190 1431 1241 93 ausissen dir ala guarda quils guarda

2199 1516 1224 114 ua molt dolens esquinssaren lurs ues

2199 1605 1216 89 timens e comensaren molt fortment

2190 1677 1229 118 aplorar. on adoncs un daquels en ne

2190 1770 1169 97 pocia remembra en qual man̾a sent

2199 1829 1177 136 nicholau auia deliuratz .iii. caualers

2199 1926 1148 119 no nosens. p que pregua los altres q̃

2190 1998 1169 144 li quereguessen adiutori. los quals

2199 2104 1169 115 oran sent nicholau aparec en aquela

2199 2176 1160 132 nuyt a costanti lemꝑador ael dien.

2199 2257 1190 144 ꝑ qual cosa as tu preses aquels pͥncepᷤᷤ

2199 2358 1173 127 axi no iustamẽt eͣmortz senes crim.

2199 2439 1182 135 los as tu iutgatz. leua sus molt iuas

2199 2536 1148 106 serament e mana que els sien soltz.

2207 2617 1161 110 En altra man̾a si no ofas eu prec deus

2199 2693 1173 114 que atu fassa escomoure batala. en la

2199 2786 1228 119 qual tu cages. e q̃ sies fet meniar de

2199 2862 1203 127 besties. al qual lemperador dix. Qͥ

2207 2968 1229 119 es tu qui en aquesta nuyt est intrat

2207 3053 1203 127 en lo meu palau. e guozes aytals pa

2203 3125 1233 140 raules amidir. al qual sent Nicholau

2207 3227 1212 127 dix. Eu so nicholau bisbe dela Ciu

2207 3311 1237 136 tat de miree. el maioral del Empera

2194 3383 1233 140 dor en aquela nuytel ꝑuissio molt

2207 3485 1224 127 espaordi ael dien.  home ab pensa

2211 3582 1212 115 e ab sen perdut ꝑ que as consentit

2207 3667 1233 114 en la mort daquels no nosens. leuat

2211 3752 1254 139 tost e fe que sien deiures. esi no ofas
