3273 2202
1859 368 1134 112 Dialogo I que no se han de procurar las

1995 469 864 83 cosas del mundo : sino las del cielo.

1854 620 837 82 Fortunato Basilio

1819 756 1165 91 F. Salud al cuerpo, é saluacion a el Alma Basilio amigo. B. o

1817 825 1204 83 Adulador fortunato, tu me salutas con lo que para ti solo desseas.

1826 882 1149 83 donde uienes. F. de uer priuar a muchos do sus haziendas, é

1819 941 1226 84 dar las a otros, para inquietar sus animos. E luego padescaran

1820 1009 1159 68 los unos con nueua ambicion, é los otros con mucha pobreza F

1819 1064 1178 75 preguntalo en el orbe do residas, a los cortesanos que conosces:

1813 1124 1184 76 como los trata la aduersa fortuna. E sin preguntarlo, se uee

1809 1179 1186 72 las mudanças que padescen: pues son de señores sieruos, de ricos

1809 1234 1175 76 pobres, de fauoridos perseguidos, é de libres cautiuos. F. en esto

1800 1293 1137 70 conosceran su potencia. E. la potencia solo toca a Dios en el

1808 1341 1196 82 cielo, y en la tierra sin cuya permision ni una oia de un Arbol

1808 1407 1160 66 no cae. Permite el como amoroso, é pio padre corregir en parte

1811 1444 1085 88 las culpas de sus hiios con perdida de salud corporal, honrra

1809 1497 1179 112 mundana, é hazienda temporal. E a uezes como dize San Pablo

1804 1565 1191 97 la uida que es el cuerpo por saluar el alma. Pero la codicia, é

1782 1633 1195 79 ambicion humana es tanta: que quando uno muere, mas quenta

1780 1688 1162 86 se tiene con la perdida de su Estado, é hazienda, que con su

1786 1741 1193 92 uida, ni Alma. E de aqui uiene que el uulgo erra⟦⟧ con no tener

1776 1811 1128 124 quenta con las cosas del cielo, la tiene  con el mundo tanta

2804 1879 109 99 que
