3265 2202
304 302 1180 81 que ha imaginado en si esta uanidad que ay fortuna: é que por su buena,

312 363 1159 66 o mala prouision los hombres son ricos, o pobres. F. no passa ello

295 411 1187 67 ansi, B. si passa segun tu dizes: pero no dexan de cer ciegos, los

304 462 1189 64 que tal piensan, ni creen. F. tu que crees. B. creo della, lo que

302 524 1162 57 tengo dicho, que es chimera imaginada de ignorantes. F. E si

310 568 1176 70 mañana fuesses libre de los trabaios de pobre que diras B. lo

304 631 1160 62 mismo: porque lo que ami dara sera necesario quitar lo a otro.

282 682 1193 72 De manera que dexara ael pobreza, é a mi en cuydado. F. no es

293 741 1175 64 poca tu constancia, siendo tanta tu pobreza: pues ha quarenta

308 790 1180 65 anños, que te persigue, é siempre te halla contrario. Pero ya

308 840 1165 70 que ni a ella creas, ni temes, é la tienes por cosa fingida, ella

308 889 1202 70 te hara conoscer lo contrario. B. yo se bien que las mudanças de

299 950 1204 70 estado, fauor, riquezas, honrra, é contento propio, son en el mundo

308 994 1171 72 tan continuas, é mudables, que puede nuzir alos que confi⟦⟧ͣⁿ:

302 1060 1188 57 porque oy los honrra, é mañana los rie: pero a quien caresce destos

293 1104 1178 63 sus dones fortuitos, é solo pretende los eternos poco daño receibira

302 1148 1217 75 de su ira. F. que llamas dones eternos B. el amar a Dios, a si mismo,

300 1196 1217 81 é al proximo, y el tener porfin a la uirtud en todos sus Actos hazen

302 1253 1215 73 al hombre eterno, y uirtuoso. F. quien es el que de baxo de tanta

291 1306 1228 79 flaqueza humana puede ser tan perfeto. B. el que se precia de

297 1370 1182 64 Christiano en su Ley, de claro en su sangre, é de uirtuoso en sus

295 1423 771 81 Actos. F. quien sera este, loarlo hemos.

297 1484 1211 94 B. Mira fortunato la scala por donde son coronados los hombres de

300 1543 1208 80 uirtud en uirtud: para uer a Dios de los Dioses en sion. es esta al

302 1590 1188 83 hombre cuerdo la buena natura, é costumbre lo hazen uirtuoso, é la

302 1647 1195 85 uirtud noble, la arte, é diligencia sabio, la esperiencia prudente,

295 1710 1200 75 el contantamiento rico, la uerdad acreditado, la uirtud señor de si

293 1761 1175 72 solo, é la esecucion della señor de muchos. F. declara te mas. B.

304 1812 1182 83 digote fortunato, que al que haze profession de cuerdo: su noble

1816 317 1171 86 natura, y buena costumbre le hazen tan grande de animo, que

1794 385 1206 68 iamas obedesce a otro: sino aquien le enseña, é obra uirtud.

1809 429 1219 77 E ansi es uirtuoso el trabaio del cuerpo, é diligencia del Espiritu

1816 478 1201 83 ha sido tanto enel Estudio, que ha sido docto la esperiencia de

1820 544 1127 63 las cosas de tu uano mundo, ha notado tanto, que le han

1815 590 1189 76 hecho esperto, é prudente: la suerte le ha sido tan fauorable

1800 651 1086 73 siguiendo la uirtud, que le hazen atodos bien uisto: el

1787 717 1202 62 contentamiento de la pobreza de su Espiritu es tanto que le

1807 770 1162 68 hazen rico. Trata a todos con tanto peso, y medida, que le

1793 829 1148 64 dan total credito: la uertad da tal fin a todos los actos

1800 877 1158 71 uirtuosos, que no solo le dan renombre de Christiano, é

1798 926 1199 81 uirtuoso: pero hazele señor sobre todo uicio, é uicioso. De

1776 996 1215 66 manera fortunato, que subiendo per esta escala de semeiante

1796 1044 1193 77 uida allega al premio de la uirtud, que es la honrra, donde

1794 1093 1190 72 lo coronan de sabio, prudente, iusto, bien afortunado, uero,

1793 1146 1198 87 rico, cuerdo, é uirtuoso. E con el habito que ha hecho de estas

1782 1209 1215 82 uirtudes, siruese de todas las cosas de su Republica, é mando como

1794 1255 1204 95 señor, é al fin consigue el cielo como Christiano. F. en breues

1787 1313 1147 87 palabras me has pintado la uida que deue hazer todo buen

1772 1367 1199 77 cortesano. B. Mas todo hombre uirtuoso, é Christiano. F. esso

1767 1425 1231 88 entiendo: pero yo no trato de los bienes del alma, sino de los daños,

1785 1473 1184 92 que puede hazer la fortuna ala honrra, é hazienda. B. quien es

1778 1523 1213 89 la tierra dize SanIuan, habla della. De que sirue replicar de

1776 1576 1222 86 lo que no te quiero escuchar. F. tan mal te parescen los bienes

1774 1625 1173 83 de fortuna: pues no puede resplandecer sin ellos la uirtud.

1776 1684 1193 77 B. no estoy mal con ellos usando bien dellos: pues con el tener

1772 1741 1190 90 se puede merescer: pero son tan peligrosas las riquezas y estados

1769 1820 1163 86 temporales, que de mill se saluan ciento, si bien no usan dellos.
