4818 6952
863 811 3328 185 Sepan q̃ͣutos esta carta vierẽ. Comõ yo don fferrando por la gr̃a de dios Rey de Castiella de Toledo

875 926 3374 226 de Leõ de Galliçia de Seuilla de Cordoua de Murcia de Jah̃n del algarb̃ ⁊ señor de Molina

898 1065 3270 221 vj vna carta del Rey don Sanch̃ mjõ padre q̃ dios perdone ffecha enesta guissa. Sepã  qͣ̃ntos esta

898 1228 3259 191 carta vierẽ. Com̃o yo don Sanch̃ por la gr̃a de dios Rey de Castiella de Toledo de Leon de Galliçia

887 1355 3246 226 de Seuill̃ de Cordoua de Murçia de Jah̃n ⁊ del algarb̃. Por ffazer bien ⁊ merçed al mjõ ospital de

898 1517 3206 232 Burgos. dele la casa de Torralua q̃ es eñl cãpo daraom̃elo çerca de oropesa. la q̃l ouo tomada el Rey don al

887 1656 3241 250 ffonsso mjõ padre q̃ dios ꝑdone. al dich̃ ospital con todos sus tm̃jnos ⁊ con todos sus h̃pedamjientos ⁊ cõ todas

904 1784 3247 278 sus ꝑtenençias ⁊ con todos  sus pobladores q̃ y auje. Et esta casa sobredicha de yo al mj̃o ospital q̃la  aya

887 1929 3252 266 daqͥ a delañt libre ⁊ qͥta por juro de hẽdat ꝑa ssiempre con todos sus t̃mjnos ⁊ con todos sus  h̃redamjen

881 2097 3258 255 tos ⁊ con todas sus ꝑtenençias ⁊ con todos los pobladores ⁊ con todos los otros derechos. assi com̃o la tenja dõ

875 2253 3276 261 fferrãt ꝑs dran de Seuill a qͥ yo la oue dada por su vida. Et mando ⁊ de ffiendo ffirme mjeñt q̃ nj̃guno

881 2410 3264 272 nõ ssea osado de gl̃a alargen. nj̃ de gl̃a contrallar por nj̃guna manera. Ca q̃l qͥer q̃lo fizesse pechar mia

887 2589 3287 220 en pena. Mill̃ m̃t dela moneda nueua ⁊ al mjõ ospital todo el dom̃o q̃ ende rreçebiesse doblado. Et demas

881 2740 3293 249 ael ⁊ alo q̃ oujesse me tomariã por ello. Et destol mãde dar esta carta sseellada con mjõ sseello de çera

875 2908 3287 231 calçado Dada en Burgos ssiete  dias de Março. Era de mill̃  ⁊ trezientos ⁊ veỹte ⁊ och̃ años. alffonsso

869 3058 3328 238 ꝑes lo mando ffaz̃ por mandado del Rey. yo ꝑo ponz la fiz escͥruĩ / alffonsso ꝑes / ssant̃ mͦs. agora

863 3221 3270 220 la jnffant̃ doña Blãca mj copnana ffija del Rey de Portugal ⁊ el abbadessa ⁊ el Conuento del mjo

863 3389 3276 202 Monesterio de Sc̃a Maria la rreal de Burgos ⁊ el Comendador del dich̃ Ospital. Pidierõ me mer

829 3516 3397 232 çed q̃ yo ql̃es mandasse conffirmar ⁊ guardar esta carta sobredicha. Segũd q̃ ella diçe. Et yo cõ

829 3667 3368 226 conssejõ ⁊ con otorgamjento dela Reyna doña Maria mj madre ⁊ del jnffant̃ don Anrriq̃ mjõ tio

829 3869 3357 197 ⁊ mjõ tutor ⁊ por los ffazer merçed touelo por bien. Et mãdo/ de ffiendo ffirme mjentre q̃ nj̃guno non

834 4003 3334 220 ssea ossado deles passar contͣ ella en nj̃guna cosa mas q̃les ssea guardada en todo bien ⁊ conplida mjent̃

834 4148 3340 237 ssegũd q̃ enella diçe. Siño q̃l qͥer oq̃les qͥer ql̃es passassen coñtͣ ella en alguna cosa manda les ya

805 4316 3381 231 pendrar por la peria q̃ enla carta  sobredicha diçe. Et demas aellos ⁊ aqͣñto ouiessen me tornaria por ello. Et

765 4449 3450 237 desto los mande dir esta carta sseellada cõ mjõ sseello de çera colgado. Dada en çibdat Rodrigo veỹte dias

742 4605 3409 226 de Octubr̃ Era de mill̃ ⁊ treçientos ⁊ treỹta ⁊ tres años. Joh̃n garçia chancell̃ del jnffant̃ don En

759 4750 3380 249 rriq̃ la mãdo fazer por mandado del Rey. ⁊ del inffant̃ don Enrriq̃ su tiõ ⁊ su tutor. Yo

823 4901 1536 295 domĩgo ꝑez de atiença la fiz̃ escͥuir.

1107 712 139 145 39

3235 5063 684 203 20 octobre 1295
