4410 6453
892 2366 1060 161 ñl tienpo del honrrado padre bonj

914 2479 1059 145 façio vjno enla era de mjll ⁊ trezi

876 2565 1081 118 entos años el dia dela naçençia

570 2608 1403 172 de nr̃o Señor ihũ xp̃o començo eñl año ju

596.0 2731.0 1366.0 145.0 bileo ¶ Etl qũal dizen çentenario por que

645.0 2823.0 1323.0 129.0 nõ viene synõ deçiento açiento anõs E

618.0 2914.0 1382.0 118.0 cũplese porla fiesta de ihũ xp̃o dela era de

570.0 3000.0 1387.0 118.0 mjll iquatro çientos anõs eñl qũal año

570.0 3081.0 1355.0 140.0 fuerõ otorgados muy grãdes perdones

575.0 3183.0 1355.0 129.0 ⁊ tan conplida mẽte quanto sepudo esten

602.0 3264.0 1360.0 139.0 der el poder del papa atodos ag̃llos qn̈toᷤ

591.0 3334.0 1409.0 155.0 pudieron yr ala çibdat de rroma abuscar

586.0 3414.0 1403.0 156.0 las iglïas de sant pedro ⁊ desan pablo qͥz̃e

566.0 3531.0 1427.0 104.0 dias eneste año assy com̃o secontyene enel

555.0 3599.0 1445.0 136.0 preujllejo de nr̃o Senõr El papa ¶ onde este

566.0 3688.0 1405.0 122.0 nr̃o Senõr el papa parando mjeñtes alagran

573.0 3775.0 1395.0 136.0 fe ⁊ alagran deuoçion q̃ el pueblo x̃stiaño

555.0 3889.0 1452.0 111.0 auja enlas yndulgençias deste año aljubi

559.0 3954.0 1441.0 136.0 leo ⁊ alos enojos ⁊ peligros Et alos gr̃ads̃

552.0 4040.0 1441.0 132.0 trabajos ⁊ alos enojos delos grandes camj

555.0 4122.0 1434.0 133.0 nos Et alas grandes espensas delos peligri

548.0 4208.0 1459.0 151.0 nos por quese podiesentornar con plazer

548.0 4309.0 1445.0 136.0 asus conpañeros ¶ quiso ⁊ touo por bien

552.0 4402.0 1419.0 133.0 que todos los peligrinos de fuera dela

552.0 4495.0 1441.0 147.0 çibdat de Roma que fueron aesta rrome

562.0 4603.0 1427.0 136.0 ria maguer non conpliesen los qujnze

544.0 4689.0 1435.0 136.0 dias enq̃ avjan de vesitar las iglesias

541.0 4782.0 1427.0 136.0 desant pedro ⁊ desant pablo q̃ oviessen

527.0 4855.0 1452.0 156.0 los perdones Conplida mente assy Co

537.0 4963.0 1436.0 151.0 mo aq̃llos quelos vesitaran aq̃llos qͥn

548.0 5054.0 1420.0 155.0 ze djas ¶ Et fueron assy otorgados

559.0 5151.0 1405.0 222.0 atodos aquellos que salieron desus

2366.0 856.0 1312.0 154.0 casas para yr enesta Romeria E muri

2326.0 971.0 1356.0 129.0 eron enel camjno ante q̃llegasen a

2334.0 1037.0 1344.0 162.0 rroma ¶ Et despues que allegaron

2366.0 1140.0 1328.0 172.0 ⁊ vesitaron las iglesias desant̃ pedro

2369.0 1261.0 1316.0 147.0 ⁊ desant pablo ¶ E otrosi alos que

2328.0 1333.0 1366.0 172.0 comencaron el camjno para yr eñsta

2323.0 1446.0 1328.0 161.0 rromeria con voluntad dela conplir ⁊

2334.0 1554.0 1371.0 177.0 fueron enbargados por enfermedads̃

2334.0 1683.0 1371.0 139.0 ⁊ por otros enbargos algunos por que

2328.0 1779.0 1355.0 151.0 non pudieron y llegar ¶ toujeron

2366.0 1887.0 1334.0 151.0 por bjen que oviesen estos perdones

2312.0 1984.0 1388.0 150.0 con plidamente assi com̃o aquellos

2323.0 2091.0 1377.0 146.0 que y llegaron ⁊ conplieron su rrome

2328.0 2199.0 1366.0 145.0 riã ¶ E çiertas bien fue omẽ aven

2334.0 2285.0 1392.0 161.0 turado el que esta rromeria fue ganar

2366 2403 1344 140 atantos grandes perdones com̃o eñste

2312.0 2500.0 1393.0 140.0 año sabiendolo o podiendo yr alla sin

2307.0 2581.0 1393.0 172.0 / enbargo ¶ Ca enesta rromeria fuerõ

2307.0 2699.0 1393.0 177.0 todos asueltos aculpa/⁊ apena seyẽdo

2291.0 2810.0 1416.0 165.0 en verdadera penjtençia tan bien deloᷤ

2307.0 2909.0 1376.0 172.0 confesados com̃o delo olujdado ¶ Et

2312.0 3032.0 1377.0 156.0 fue y despendido elpoder del padre san

2307.0 3145.0 1366.0 129.0 to ¶ ca todos aquellos clerigos que

2296.0 3231.0 1398.0 124.0 cayeron en yerro yrregularidat non

2301.0 3344.0 1372.0 135.0 vsando de sus ofiçios ¶ E fue despen

2291.0 3446.0 1371.0 113.0 dido contra todos aquellos clerigos

2285.0 3538.0 1377.0 140.0 ⁊ legos ⁊ sobrelos adulterios ⁊ sobre

2265.0 3645.0 1420.0 140.0 las oras non rrezadas aque eran the

2269.0 3753.0 1388.0 143.0 nudos de rrezar ¶ E sobre aquestas

2258 3855 1436 145 muchas cosas saluo ende sobre debdaᷤ

2251.0 3954.0 1420.0 157.0 que cada vno delos peligrinos deujã

2251.0 4054.0 1406.0 154.0 tanbjen lo q̃ tomarõ prestado o pren

2251.0 4151.0 1416.0 151.0 dado o furtado en quãl quier maner̃a

2255.0 4269.0 1402.0 136.0 q̃ lo toujesen contra volntad decuyo

2251.0 4352.0 1406.0 161.0 era ¶ toujerõ por bien q̃ lo tornasen

2240.0 4466.0 1395.0 144.0 ⁊ por que luego nonse podia tornar

2244.0 4567.0 1384.0 147.0 lo que cada vno deuja / segnd dicħo es

2233.0 4664.0 1409.0 157.0 ⁊ lo podiesen pagar oujesen los perdo

2230.0 4768.0 1405.0 150.0 nes mas conplidos ¶ dioles plazo

2212.0 4868.0 1423.0 151.0 aquelo pagasen fasta la fiesta de rre

2222.0 4965.0 1449.0 154.0 surreçion que fue fecha enla era dem̃jll

2233.0 5072.0 1384.0 140.0 ⁊ trezientos ⁊ treynta ⁊ nueue anõs

2237.0 5146.0 1425.0 247.0 E eneste año sobre dichõ ferrand m̈s̃
