4284 6463
689.0 815.0 1332.0 172.0 arçediano de madrid enla yg̃lia de

671.0 933.0 1368.0 147.0 toledo fue arroma aganar estos perdo

682.0 1034.0 1346.0 147.0 nes ⁊ despues q̇ cumplõ su rromeria

678.0 1131.0 1329.0 147.0 ⁊ gano los perdones asi comõ dios to

668.0 1190.0 1379.0 194.0 uo por bien por que don gonçalo ob̃p̈o

667.0 1310.0 1361.0 169.0 de aluaña /⁊ cardenal enla ygl̃ïa do

675.0 1418.0 1371.0 136.0 rroma que fue natural de toledo estã

664.0 1515.0 1390.0 140.0 do en rroma coñl este arcediano sobre

671.0 1615.0 1383.0 137.0 dichõ aqujẽ criara /⁊ feziera merçed q̃

660.0 1694.0 1390.0 151.0 riendose partir del /⁊ se yr atoledo donde

660.0 1791.0 1368.0 151.0 era natural ¶ fizole prometer enlas

653.0 1902.0 1386.0 130.0 sus manos que si el seyendo cardenal

657.0 1987.0 1363.0 124.0 enla ygl̃ia derroma si finase q̃ este ar

649.0 2104.0 1397.0 129.0 çedjano que fuese alla ademandar el

646.0 2186.0 1400.0 144.0 cuerpo /⁊ que feziese y todo supoder ꝑa

639.0 2283.0 1411.0 144.0 traerle ala ygl̃ïa de toledo do auja es

646.0 2376.0 1408.0 151.0 cogido susepultura ¶l El arçediano co

646.0 2482.0 1401.0 140.0 nosçiendo lacriança q̃l feziera /⁊ el bien

639.0 2563.0 1386.0 162.0 /⁊la merçed q̃ del rresçibiera ¶ qujsole

639.0 2657.0 1400.0 154.0 ser obediente /⁊ cõ plir la promesa que

653.0 2746.0 1383.0 158.0 fizo eñsta rrazon /⁊ trabajose quantõ

639.0 2836.0 1404.0 158.0 el pudo ade mandar el su cuerpo ¶ Et

642.0 2937.0 1426.0 147.0 comõ qujer q̃ el padre santo ganase mu

649.0 3037.0 1397.0 144.0 chos amjgos enla corte derroma tãbiẽ

639.0 3138.0 1407.0 129.0 cardenales com̃o otros onbres buenos

632.0 3227.0 1404.0 140.0 dela çibdat nõ fallo el arçediano/ aq̾en

641.0 3312.0 1395.0 161.0 se atreujese alo demandar el su cuerpo

660.0 3425.0 1372.0 140.0 ¶ saluo alpadre santo ¶ E nõ era ma

639.0 3525.0 1407.0 137.0 ravilla Ca nunca fue ende enterrado

632.0 3622.0 1407.0 148.0 enla çibdar de rroma pqra quesuese dẽ

625.0 3716.0 1417.0 151.0 de sacado paralo leuar aotra parte ¶

646.0 3816.0 1418.0 169.0 E asi es establesçido /⁊ otorgado porloᷤ

630.0 3937.0 1390.0 140.0 padres santos q̃ njng̃ud cuerpo q̃

632.0 4042.0 1418.0 137.0 fuese y enterrado que non fuese den

635.0 4125.0 1411.0 162.0 de sacado ¶ E ya lo auja demandado

646.0 4240.0 1408.0 144.0 muy afincada mente dongonçalo ar

635.0 4330.0 1444.0 165.0 çobispo sobrino deste cardenal sobre

632.0 4437.0 1447.0 162.0 dicho que fue ala corte ademandar

628.0 4563.0 1415.0 133.0 alpapa E nonlo pudo acabar ante

624.0 4646.0 1458.0 158.0 le fue denegado que gelo non dariã

624.0 4761.0 1422.0 147.0 en ninguna manẽra /⁊ quañdo el

624.0 4883.0 1433.0 125.0 arcediano que queria yr ala corte

628.0 4958.0 1400.0 144.0 para le demandar fue / a alcala al

635.0 5062.0 1426.0 151.0 arcobispo para despedirse del ⁊ dixole

617.0 5166.0 1447.0 176.0 de com̃o q̃ria yr ademandar el cuerpo

2387.0 791.0 1379.0 226.0 del cardenal que gelo auja prometi

2402.0 951.0 1332.0 151.0 do enlas sus manos ante quesse

2402.0 1055.0 1350.0 158.0 partiese del en rroma ¶ E el arço

2381.0 1168.0 1358.0 162.0 bispo ledixo quese non trabajasse

2387.0 1303.0 1347.0 129.0 ende njn tomase y afan canon

2384.0 1393.0 1361.0 143.0 gelo darian ca nongelo qujsieran

2387.0 1490.0 1358.0 150.0 dar ael ¶ E quando lo demando

2373.0 1608.0 1393.0 154.0 al papa aujendo muchos cardenales

2391.0 1719.0 1411.0 155.0 porsi que gelo ayudauã ademandar

2381.0 1847.0 1391.0 140.0 ¶ E el arçediano cõtodo esso aven/

2376.0 1955.0 1396.0 145.0 tarose /⁊ fuelo ademandar con cās

2370.0 2057.0 1429.0 169.0 del rrey don ferrnando /⁊ dela Reyna

2359.0 2186.0 1440.0 151.0 doña maria su madre quele en/·

2355.0 2312.0 1415.0 133.0 biaua a pedjr por merçed al papa sso

2355.0 2402.0 1426.0 143.0 bre esta rrazon ¶ mas don pedro

2362.0 2524.0 1426.0 133.0 que era obispo de burgos a esa ssa

2384.0 2610.0 1393.0 165.0 zon E rreferendario del papa na

2362.0 2728.0 1419.0 158.0 tural de asturias deoujedo ¶ avjẽ

2348.0 2843.0 1429.0 137.0 do verdadero amor del grã conosçy

2337.0 2940.0 1444.0 151.0 mjento q̃ coñl cardenal avja ¶ con

2352.0 3044.0 1443.0 180.0 este arçediano demadrid semoujo /⁊

2352.0 3166.0 1432.0 158.0 q̃riendole mostrar labuena volun

2337.0 3274.0 1444.0 154.0 tad que auja atodos los españoles

2344.0 3382.0 1412.0 147.0 alos quales el fazia en este tienpo

2348.0 3486.0 1422.0 169.0 muchas ayudas ⁊ muchas honrras

2322.0 3586.0 1439.0 146.0 del papa quando acaesçian ¶ E ve

2337.0 3701.0 1437.0 151.0 yendo que el arçediano auja muchõ

2337.0 3798.0 1429.0 144.0 acoracon este fecho non quedando

2326.0 3884.0 1476.0 155.0 de dia njn de noche /⁊ q̃ andaua mucho

2326.0 3985.0 1440.0 147.0 afincada mente eñsta demanda doli

2330.0 4075.0 1451.0 186.0 endose del su trabajo /⁊ q̃riendo leuar/ a

2323.0 4200.0 1440.0 166.0 delante el amor verdadero q̃sienpre

2323.0 4308.0 1429.0 162.0 mostrara ¶ E otrosi por rruego de do

2323.0 4412.0 1447.0 158.0 ña maria rreyna decastilla /⁊ deleõ

2323.0 4516.0 1458.0 162.0 q̃era aesa sazõ q̃le enbjo rrogar laq̇̃l

2326.0 4628.0 1509.0 147.0 fue muy buena dueña ⁊ de muy buena

2323.0 4728.0 1490.0 176.0 vida /⁊ debuẽ consejo ⁊ de muy grã

2334.0 4854.0 1486.0 172.0 rreposso /⁊ de grã seso natural E muy

2330.0 4987.0 1451.0 136.0 conplida entodas buenas costũbr̃s

2330.0 5098.0 1469.0 126.0 E amadora de justiçia cõ grãdisyma

2334.0 5177.0 1475.0 205.0 piadat nõ argulleçĩedo conbuena ãdança
