4410 6453
555.0 616.0 1442.0 244.0 ça ni desesperando con mal andança

552.0 810.0 1452.0 157.0 qudo le acaesae mas muy firme /⁊ esta

555.0 924.0 1427.0 158.0 ble entodos los sus fechos q̃ entendie

562.0 1036.0 1435.0 164.0 q̃ condios ⁊ con Razon ⁊ con derehõ

559.0 1145.0 1425.0 150.0 era asy com̃o se cuenta en el libro de

555.0 1243.0 1452.0 191.0 la estoria ¶ Etotrosy q̃riendo el obp̃o

548.0 1376.0 1470.0 172.0 onrrar atoda españa nõ auia otro carde

552.0 1494.0 1448.0 165.0 nal enterrado ningũo delos otros nõ

555.0 1613.0 1449.0 165.0 lo osauã al papa demandar ¶ Etel

548.0 1747.0 1458.0 156.0 por la sumesura esforçose alo deman

573.0 1842.0 1416.0 183.0 dar ⁊ com̃o q̃er q̃ luego nõ gelo q̃so o

575.0 1984.0 1393.0 156.0 torgar el papa ala çena mado gelo

559.0 2081.0 1457.0 172.0 dar ¶ Et estonçe el arçidiano sacolo

553.0 2183.0 1463.0 188.0 dela sepoltura do yazia enterrado

562.0 2319.0 1456.0 168.0 enla çibdad de Roma enla igliã de

559.0 2425.0 1506.0 166.0 santa m̃iä la mayor çerca dela capilla

570.0 2563.0 1473.0 154.0 del presere domini do uaze enterrado

553.0 2667.0 1512.0 177.0 sant geronimo ¶ Et ay estaua fechã

577.0 2781.0 1463.0 169.0 la sepoltura del cardenal muy noble

570.0 2896.0 1488.0 179.0 mente obrada en memoria del ¶ Et

570.0 3025.0 1470.0 179.0 estaalta enla pared ¶ Et el arçidia

577.0 3158.0 1459.0 168.0 no traxo el cuerpo muy encubierta

564.0 3253.0 1479.0 188.0 mente por el camino temiendo q̃ gelo

584.0 3387.0 1474.0 165.0 enbargariã algunos q̃ nõ estauã bien cõ

573.0 3488.0 1488.0 179.0 la igliã de Roma ¶ Et otros por auentu

559.0 3608.0 1511.0 183.0 ra por lo enterrar ensus logares asy com̃o

564.0 3721.0 1495.0 188.0 le contesçio enflorençia una uegada q̃ ge

570.0 3839.0 1498.0 176.0 lo q̃sieron tomar por lo enterrar ¶ ysy

559.0 3941.0 1484.0 215.0 nõ por q̃ les dixo el arçidiano q̃ era un

553.0 4060.0 1501.0 193.0 cauallero su pariente q̃ muriera enesta

553.0 4178.0 1506.0 210.0 Romeria q̃ lo leuaua asu trr̃ä ¶ Et des

548.0 4318.0 1506.0 188.0 pues q̃ llego alogronõ descubriolo ¶ Et

555.0 4441.0 1485.0 162.0 fue ende Resabido muy onrrada mente

552.0 4556.0 1498.0 158.0 de don ferrnãdo obp̃o de calahorra q̃l

570.0 4671.0 1484.0 165.0 salio a Resçibir Reuestido con sus uesti

553.0 4791.0 1517.0 140.0 uras pontificales Et contodala clere

580.0 4904.0 1510.0 154.0 sia del obp̃o de uestiduras de caras de

588.0 5015.0 1541.0 158.0 seda ¶ Et todos los onbres buenos dela

564.0 5130.0 1528.0 150.0 uilla con candelas enlas manos /⁊ conrra

580.0 5241.0 1495.0 186.0 mos ⁊ fasta q̃ llego a toledo fue resçi

2237.0 666.0 1554.0 151.0 bido muchõ onrrada mente /⁊ de todala cle

2248.0 785.0 1520.0 150.0 rizia /⁊ las ordenes /⁊ de todos los om̃s

2240.0 885.0 1578.0 165.0 buenos delauilla ¶ Et ante q̃ llegasen cõ

2244.0 1000.0 1578.0 157.0 el cuerpo ala çibdad de burgos ¶ Etl Rey

2231.0 1097.0 1587.0 177.0 don ferrnãdo fiio del muy noble Rey dõ

2226.0 1247.0 1597.0 161.0 Sanchõ ⁊ dela Reyna doña maria coñl

2251.0 1358.0 1556.0 158.0 ynfante don enrriq̃ su tyo ⁊ don diego

2253.0 1494.0 1565.0 156.0 señor deuiscaya Et don lope su fiio ⁊

2265.0 1595.0 1603.0 161.0 otros muchõs Ricos om̃s ⁊ ynfançoñs

2258.0 1724.0 1524.0 158.0 ⁊ Caualleros le salieron a Resçibir fue

2253.0 1822.0 1560.0 167.0 ra dela çibdad ⁊ le fizieron mucha

2258.0 1964.0 1546.0 158.0 onrra ¶ Etpor do yua salian a Resçibir

2253.0 2091.0 1549.0 146.0 todos los delasuillas com̃o acuerpo sã

2255.0 2190.0 1588.0 158.0 to con candelas ¶ Et enlas proçesyoñs

2269.0 2301.0 1549.0 172.0 q̃ faziã las clerezias /⁊ las ordenes q̃u

2251.0 2416.0 1549.0 165.0 do llegauã alas uillas nõ cantauã uer

2273.0 2531.0 1509.0 164.0 sos nĩ Responsos de defuntos ¶ synõ

2273.0 2656.0 1527.0 161.0 ecçe saçerdos magnus ¶ Etotros Respõ

2276.0 2767.0 1531.0 176.0 sos ⁊ antifanas semeiantes asy com̃o

2269.0 2871.0 1538.0 167.0 afiesta de cuerpo santo ¶ Et la onrra

2276.0 3004.0 1517.0 168.0 q̃ Resçibio este cuerpo del cardenal q̈u

2258.0 3122.0 1513.0 161.0 do llegarõ conel ala noble çibdad de to

2269.0 3244.0 1531.0 154.0 ledo fue muy grand marauilla en ma

2273.0 3362.0 1502.0 147.0 nera q̃ se non acordaua ningũo por

2274.0 3446.0 1533.0 194.0 ançiano q̃ fuese q̃ oyese dezir q̃ nĩ a

2280.0 3567.0 1441.0 186.0 Rey nĩ aenperador nĩ aotro ningũo

2280.0 3699.0 1481.0 162.0 fuese fechõ atan grande onrra com̃o

2280.0 3800.0 1498.0 175.0 aeste cuerpo deste cardenal ¶ Cato

2273.0 3918.0 1498.0 168.0 dos los clig̃os del arçob̃pado fueron

2283.0 4040.0 1495.0 161.0 con capas de seda /⁊ las ordenes dela

2283.0 4144.0 1495.0 197.0 çibdat tanbien de Religiosos nõ finco

2283.0 4266.0 1438.0 182.0 xstiano nĩ moro nĩ iudio q̃ todos nõ

2291.0 4384.0 1448.0 183.0 lo salieron aResçibir con sus çirios

2283.0 4517.0 1409.0 161.0 muy grandes /⁊ con rramos enlas

2287.0 4617.0 1459.0 176.0 manos Et fue y dongonçalo arçobp̃o

2269.0 4726.0 1484.0 199.0 de toledo su sobrino /⁊ don iuã fiio

2287.0 4861.0 1448.0 186.0 del infante don manuel conel ¶ Ca

2273.0 4975.0 1498.0 187.0 el arçobp̃o lo salio a Resçibir apeña

2269.0 5097.0 1495.0 172.0 fiel ⁊ nõ se partio del fasta ento

2291.0 5221.0 1489.0 231.0 ledo donde le fizieron tanta onrra co
