4341 6463
592.0 621.0 1512.0 308.0 m̃o oystes pero q̃l arçidiano separo ato

592.0 836.0 1497.0 183.0 dala costa de yda /⁊ de uenida /⁊ costole

587.0 926.0 1502.0 221.0 muy grand algo ¶ lo uno por q̃ era muy

608.0 1055.0 1551.0 172.0 luengo el camino com̃o de toledo a Roma

613.0 1156.0 1537.0 212.0 ¶ lo al porq̃ auia de traer mayor conpaña

617.0 1285.0 1526.0 194.0 asu costa por onrra del cuerpo del cardenal

613.0 1411.0 1498.0 188.0 lo al por q̃ portodo el camino erã las bi

606.0 1536.0 1526.0 191.0 andas muy caras por Razon dela muy

619.0 1642.0 1524.0 237.0 grand gente syncuento q̃ yuã a Roma

597.0 1761.0 1525.0 220.0 enesta Romeria de todas las ꝑtes del

599.0 1892.0 1515.0 201.0 mũdo en mañä q̃ la çena dela bestia cos

592.0 2021.0 1544.0 187.0 taua cada nochẽ en muchõs logares q̃tro

603.0 2143.0 1519.0 190.0 torneses gruesos ¶ Et fue grand mira

621.0 2280.0 1504.0 168.0 glo de dios q̃ entodos los caminos por

588.0 2391.0 1534.0 161.0 donde yuan los pelegrinos / tan abonda

585.0 2513.0 1504.0 158.0 dos eran de todas las uiandas / q̃ nuca

588.0 2624.0 1512.0 183.0 fallesçio alos pelegrinos cosa delo q̃ a

603.0 2764.0 1540.0 151.0 uian menester ¶ Ca nr̃o señor dios por

596.0 2854.0 1529.0 194.0 lasu merçed q̃so q̃ nõ menguase ningũa

599.0 2990.0 1476.0 176.0 cosa aaq̃llos q̃ ensu ẜuiçio yuã ¶ Et

592.0 3113.0 1503.0 188.0 çierta mente sy costa grande fizo el ar

587.0 3242.0 1454.0 167.0 çidiano eneste camino muchõ le es de

597.0 3349.0 1498.0 189.0 gradesçer por q̃ lo enpleo muy bien re

608.0 3452.0 1492.0 194.0 conosçiendo la merçed del cardenal q̃

603.0 3570.0 1497.0 232.0 Rescibiera /⁊ la criança q̃ enel fiziera

624.0 3710.0 1460.0 183.0 ¶ asy com̃o lo deuẽ fazer todos los

613.0 3823.0 1487.0 173.0 om̃s de buẽ entendimiento /⁊ de buẽ

608.0 3937.0 1487.0 204.0 conosçer /⁊ q̃ bien /⁊ merçed Rescibe de

624.0 4109.0 1449.0 151.0 otro ¶onde bien auenturado fue el

613.0 4217.0 1455.0 161.0 el señor q̃ se trabaio de fazer bue

613.0 4340.0 1465.0 157.0 nos criados /⁊ leales/ ¶ Caestos ata

613.0 4459.0 1465.0 162.0 les nĩ les falleçeran enla uida nĩ des

613.0 4567.0 1465.0 161.0 pues ¶Calealtad les faze acordar

624.0 4685.0 1481.0 189.0 se del biẽ fechõ q̃ Resçibierõ en uida

608.0 4831.0 1487.0 140.0 /⁊ en muerte ¶Et por q̃ la memoria del

613.0 4938.0 1476.0 178.0 omẽ ha luengo tp̃o ⁊ nõ se puedẽ

621.0 5059.0 1457.0 161.0 acordar los om̃s delas cosas muchõ

619.0 5191.0 1459.0 259.0 antiguas sy nõ las fallo por escripto

2391.0 662.0 1432.0 162.0 etpor endeel tresladador dela esto

2394.0 800.0 1433.0 147.0 ria q̃ adelante oyredes q̃ fue tras la

2369.0 926.0 1469.0 133.0 dada de caldeo enlatin ⁊ de latin en

2373.0 1026.0 1447.0 173.0 Romançe ⁊ puso ⁊ ordeno estas dos

2362.0 1145.0 1472.0 183.0 cosas sobre dichas por q̃ las q̃ ueniã

2355.0 1278.0 1447.0 154.0 despues delas deste tienpo ¶sera qü

2351.0 1389.0 1462.0 176.0 do el año iubile hade ẜ por q̃ puedã

2353.0 1502.0 1476.0 189.0 yr aganar los bien auenturados ꝑ

2348.0 1653.0 1481.0 140.0 dones q̃ enaq̃l t̃po son otorgados a

2337.0 1739.0 1497.0 189.0 todos los q̃ alla fueren ⁊ q̃ sepan q̃

2342.0 1863.0 1492.0 178.0 este fue el p̃mer cardenal q̃ fue ente

2353.0 1998.0 1487.0 150.0 rrado en españa ¶ ꝑo esta obra es fechã

2344.0 2122.0 1476.0 172.0 so hemienda de aq̃llos q̃ la q̃sieren he

2337.0 2240.0 1492.0 145.0 mendar ¶ Et çierta mente deuen lo

2326.0 2353.0 1508.0 189.0 fazer aq̃llos q̃ q̃sieren /o lo sopieren

2315.0 2477.0 1503.0 188.0 hemendar syq̃era por q̃ dizela es

2326.0 2601.0 1514.0 194.0 criptura q̃ sotil mente la cosa fecha emi

2315.0 2725.0 1519.0 172.0 enda mas deloar es el q̃ p̃mera men

2315.0 2832.0 1514.0 178.0 te la fallo ¶ otrosy muchõ deue de

2321.0 2978.0 1502.0 145.0 plazer aq̃en la cosa comiença afa

2315.0 3064.0 1503.0 183.0 zer q̃ la hemiendẽ todos q̃ntos la q̃

2319.0 3202.0 1476.0 155.0 sieren hemendar o sopieren ¶Ca q̈n

2310.0 3306.0 1513.0 162.0 to mas es la cosa hemendada tanto

2305.0 3420.0 1518.0 161.0 mas es loada ¶ Etnõ se deue niugũa

2326.0 3533.0 1492.0 183.0 esforçar ensu solo entendimiẽto nĩ

2305.0 3656.0 1518.0 184.0 creer q̃ detodo se pueda acordar ¶Ca

2294.0 3770.0 1524.0 183.0 auer todas las cosas / en memoria ⁊

2305.0 3893.0 1518.0 178.0 nõ pecar nĩ errar en ninguna cosa mas

2278.0 4001.0 1551.0 178.0 es esto de dios / q̃ nõ de omẽ ¶Et por

2272.0 4141.0 1562.0 151.0 ende deuemos creer q̃ todo omẽ ha cũpli

2272.0 4251.0 1548.0 158.0 do saber de dios solo /⁊ nõ de otro ningu

2280.0 4369.0 1551.0 155.0 no ¶Ca por Razon dela mengua dela

2267.0 4491.0 1567.0 156.0 memoria del omẽ fuerõ puestas estas

2262.0 4604.0 1572.0 173.0 cosas aesta obra enla qual ay muy bue

2272.0 4728.0 1541.0 156.0 nos enxienplos ꝑa se saber guardar o

2267.0 4820.0 1535.0 183.0 m̃e de yerro sy bien q̃sieren beuir /⁊ u

2272.0 4960.0 1541.0 156.0 sar dellas ¶Etay otras/Razoñs mu

2272.0 5078.0 1514.0 173.0 chõ de solaz enq̃ puede omẽ tomar

2240.0 5170.0 1583.0 345.0 plazer ¶Ca todo om̃e q̃ trabaio q̃ere
