3560 2736
602 451 517 68 no acada uno lo quel fuere

602 497 524 68 dado.que siel padre o la ma

602 540 508 68 dre quisiesen dar mas aunͣ

602 583 510 66 creatura que no al otra. biẽ

602 622 513 77 pueden dar. heredãdo alas

602 665 529 73 otras creaturas como fuero

602 706 517 78 manda. que los fillos non

602 752 520 75 lis pueden uedar ni enbar

602 800 529 73 gar. Et siel padre o la madr-

620 845 508 69 e quisiesen. todo lo podriã uẽ

602 889 533 64 der.⁊ dar ⁊fer su ꝓpͥa uolun

620 934 515 64 tad non deseredando alas cͤ

620 975 511 71 aturas del todocomo dito eᷤ

622 1028 506 61 de suso ¶Si por uentura ñ

620 1071 506 53 fuessen heredades de auolo

620 1108 520 61 rio que fuessen dadas o mã

620 1158 524 54 dadas asobͥnos. otro silo pu

620 1199 515 61 eden fazer el auuelo ola a-

620 1244 520 57 uuela si padre o madre destoᷤ

620 1297 518 50 sobrinos moriesen antes q̃

620 1338 513 57 los auuelos. que esto es au

620 1383 518 53 uolorio asobrinos. ⁊ lo al es

620 1429 527 57 patrimonio quoando el au

620 1479 527 50 uelo muere ante del padre o

620 1523 511 54 la madre. ¶Et si marido ⁊m

620 1570 529 48 uyller fazen estin en uno ⁊

620 1611 527 55 lo encierran. si el uno deylloᷤ

620 1655 518 59 mories. el otro non puede

620 1703 508 50 desfazer el destin. maguer

620 1744 511 52 biuiendo ambos semeylla

620 1782 518 64 re que el destin no es bien

602 1828 536 64 fecho. bien lo pueden meio

620 1876 506 100 rar. que atodo fidalgo uale

1169 424 523 82 el postremero destin. De como

1169 471 520 64 firma el Rey dõ.sͦ. los fũos a

1174 519 511 80 epan todos los los uillanos.

1174 570 506 59 qui son ⁊ seran. Que yo don

1174 611 518 63 Sancho por la gr̃a de dios Rey

1174 654 509 61 cle Nauarra ⁊ yerno del Emꝑ

1174 697 509 62 ador con otorgamiento ⁊ uo

1174 736 511 68 luntad de mios Ricos homb̃rᷤ

1174 788 515 67 et con uoluntad de cauayllos

1174 839 509 54 et iffancones ⁊ de todos los o

1174 882 520 55 tros que son en mio Regno es

1174 925 511 59 tablezco ⁊confirmo estos fu

1174 971 515 55 eros que por todos tiempos se

1174 1016 520 62 an durables todas las cosas

1179 1060 513 70 que de iuso son escͥptas en la

1185 1103 509 68 present carta. Del infãcõ qͥ fie

1183 1144 522 64 i algun re al infãcõ sĩ desafiar

1183 1192 500 71 hombre de linage en uayere

1190 1242 493 55 oferiere o matare otro hom

1190 1288 513 57 bre de linage asi que pͥmero

1190 1326 522 64 nol desafiare delant .iiiiͦ.o.uͦ.

1190 1374 536 60 cauaylleros o otros seyendo y

1190 1422 515 60 delant. o en el mercado ante

1190 1470 506 57 mio alcalde.⁊.ui cauayllos

1197 1516 506 59 otros. Et si por auentura a

1190 1561 506 60 quel en uaymiẽto o ferimiẽ

1190 1609 518 55 to o matamiento non fuere

1190 1650 513 62 en baraylla subdossa ⁊ non a

1190 1696 513 55 uienga de mal querienca de

1190 1741 511 53 antes sea tal traydor que nõ

1190 1780 515 57 se pueda de sent saluar ⁊ da

1190 1826 515 59 li adelant no aya bien feytã

1190 1876 513 96 de mi nin de mio parentes

301 1741 145 135 si los

1938 401 506 80 co nin de alguno de mios Ri

1938 456 515 72 cos hombres. ni de ninguno

2515 494 477 62 ere o matare adalgun no

1938 494 527 80 que mio bien tienga. adu

1938 544 531 71 deue ser en corrudo de quoãto

1938 590 509 66 ouiere. ⁊ damos quoando oẽ

1938 631 513 71 fidalgo fuere desafiado en m̃

1938 674 531 67 cado delant mio alcalde.⁊.ui.

1938 720 515 66 cauaylleros otros el alcald̃

1938 763 522 73 faga pregonar aqueyl desafi

1938 809 527 71 aĩeto† en el mercado. ⁊ esto fei

1938 855 515 63 to desi adelant tienga se por

1938 900 513 64 desafiado. Maguera que nõ

1938 948 522 71 sean delant aylli es desafiado

1938 996 513 73 ¶ Emꝑo el om̃e delinage.

1938 1041 513 62 maguer que aya desafiado

1938 1087 520 59 al otro om̃e de linage. o dela

1938 1130 522 62 nt.iiiiͦ. o en el mercado ante

1938 1174 522 68 mio alcalde assi como de suso

1938 1219 515 60 es escͥpto. no en uaezca nin

1938 1265 529 73 fierga nin mate al desafiado

1938 1313 522 61 ata.x. dias que passen del

1938 1356 518 64 desafiamiento pregonado

1938 1393 522 73 en el mercado ⁊ si por uenturͣ

1938 1447 545 62 enuayere oferiere o matare.

1938 1493 525 64 ante que pasen los.x. dias.

1938 1536 536 69 sea tal traydor que non se pu

1938 1582 515 64 eda ende saluar. ⁊ daylli ade

1938 1627 522 60 lant no aya bien feytura de

1938 1671 531 64 mi. ni de mios Ricos hombres

1938 1714 538 64 nin de aqueyllos que el mio

1938 1755 538 71 bien prenden ⁊ sea encorrudo

1938 1803 531 62 de quoanto ouiere. De q̃ cap

1938 1849 531 75 tiene al ifãçõ q̃ fiere omata sĩ

1938 1899 198 107 desafiar.

1765 839 102 171 y lue

1762 870 87 183 go

2499 387 506 71 i algun ynfancon qͦal qui

2497 446 517 69 ere sea en estas cosas en uͣy

2515 538 490 63 ble por linage sin desafiam

2515 579 488 61 iento delant mi oen mer

2515 624 499 55 cado ante mio alcalde en la

2515 661 506 66 manera que de suso es ditͣ.

2515 715 488 51 o en cara enpues el desafia

2515 759 490 52 miento ante que passẽ los.

2515 798 515 66 x.dias. si en uayere. oferiere.

2515 845 504 55 omatare. aqueyll qui capte

2515 891 511 57 rra odeffendra adaqueyl mͣl

2515 937 504 54 feytor.s⁊ omiciero desque

2515 982 504 57 fuere iudgado por traydor. se

2515 1021 497 62 a tal traydor quoal ẜia si el

2515 1071 499 55 mesmo sines desafiado lo o

2515 1119 540 62 uiesse en uaydo o ferido o

2515 1160 511 57 con sos manos muerto. ¶Si

2515 1206 509 66 por uentura el mal feyto o

2515 1254 506 54 el ferimiento o el matami

2515 1292 515 62 ento non fuesse feyto en sub

2515 1340 515 59 dosa baraylla esties ningũa

2520 1386 504 75 sayna uieylla como es dito

2520 1431 168 62 de suso.

2508 1472 522 64 obre esto establecemos que

2531 1518 499 73 si algun noble de linage fu

2531 1566 502 57 ere mas Rico omas podero

2531 1607 504 61 so del otro que sea de linage.

2531 1650 504 62 et assi como eyl faylliere en

2531 1694 504 70 el sobre dito establecido fũo

2531 1741 497 62 contra al m̃nos poderosso ⁊

2531 1780 504 66 menos noble. non de man

2531 1833 497 95 de par en desafiamiento si

3062 800 78 210 lo
