1889 2657
97 163 1464 158 zon solamientre; mas demas las cosas mismas que nos amonestam.

101 287 1475 111 que pongamos tal sentencia de nrõs corazones por q̃ los pͥncipes ñ passe.

106 356 1481 95 alas cosas q̃ nõ deuem. elos pueblos puedam uenir saluamientͤ. cadalgu.-

101 416 1466 104 nos uimos ya q̃ pues q̃ furon fechos reys q̃ fazien los pueblos pobles.⁊ ga-

101 484 1477 85 nauam pora si las cosas desos subiectos. et ñ les mẽbraua q̃ dios les diera

104 546 1459 78 el pueblo; q̃lo defendisse ⁊ q̃lo gou̾nase bien. ⁊ ellos q̃ deuien defen⟦der⟧

104 608 1470 85 el pueblo de perdida. el so defendemiẽto. torna en destruimiẽto d⟦⟧

99 666 1473 86 e aum fazien otͣ cosa mas graue. q̃ aquelo q̃ ganauam despues q̃ eran ⟦⟧

99 721 1462 93 chos reys ñ tenien quelo ganauam ꝑel regno. mas por si mismos. ⁊ por

104 781 1463 100 encle nolo queriã leyxar al regno; mas asos fiyos. maspor q̃ se asmam el

97 848 1470 95 los demeter aquellaᷤ cosas por suas ꝓpͥas las quales essabida cosa q̃las ñ pue-

99 912 1462 95 dͥem ganar.si ñ por elpoderio del regno. opor q̃ qͥerem ellos las cosas tirar

101 978 1471 89 por suas ꝓpͥas. q̃ ellos ganarõ pelo aiudorio d̾ todos.ca ñ poderiam ellos ga-

99 1038 1482 93 nar nin auer muchos pueblos nin grand auer. sinõ por q̃ furõ exaltados

99 1102 1466 84 por reys.nin pudieran seer nuy richos delas suas cosas. si el pueblo nõ

99 1158 1473 90 los ẽxaltasse en ante. Certas todel elpueblo mientͤ q̃ cata de fazer el mar

99 1215 1473 98 dado del pͥncipe. edel obedecer. entieude alas uezes. del fazer seruicio de

99 1279 1477 98 grado; alas uezes. dedebda. et por esto el rey deue entẽder q̃ uenze todas

101 1346 1469 97 las cosas; por q̃ es res. elo q̃ gana ganalo mas pora si q̃ pora otre. onde nõ-

99 1414 1488 98 deue cuidar q̃ lo q̃ gana tam solamientͤ por sua ꝑsona; mas por so poder.

95 1476 1466 96 ca por los derechos es fecho el rey; eñ por sua ꝑsona.ninͤᷝ /ñ esta tan fir-

101 1543 1486 95 me por sua ꝑsona; como esta por la ondra del regno. ⁊ porende las cosas

97 1598 1479 104 q̃ uienẽ dela ondra. deuen apertenecer. ala ondra.elas cosas q̃los reỹs

101 1673 1471 100 ganan del regno. deuẽ afĩcar al regno. epor q̃ el regno ses daondra et

97 1731 1479 100 elos ñ deuẽ apocar la ondra del regno.mas deuela acrescentar. Onde

99 1806 1479 91 los reys daqui adelantͤ ꝑ esta nr̃a ley. mandamꝯ q̃ ayam corazones mu

97 1859 1470 98 cho entẽdudos.d̾ biẽ regnar. ꝯtemor d̾ dios ⁊ enfazer bonas obras ⁊ cõ-

99 1930 1466 84 mansedumiure.en iudgando iuizio derecho ⁊ q̃ seam appareyados

97 1986 1488 101 por auer merced eq̃ ayan cuidado d̾ ganar ꝯmesura ⁊ q̃ ayam los co-

93 2050 1477 115 razones linpios. ⁊ de buena uida q̃ quanto mas gou̾narẽ el pueblo cõ

95 2121 1470 108 mansedummre. et conderecho; tanto mas ganan ondͣ. poral regͦ.
