1889 2657
66 148 1481 164 La odlira. equc emendasen aanclat cõ lic quelos onrel auen ualei

104 278 1443 98 sadas en otro tiempo por negligencia. contialas costimibres : de sc̃a eglisia

75 349 1486 89 et que tomarã ia por costumbre. como le fusse demandado del pͥncipe. Don

106 407 1457 97 cas por estos tales sos amonestanuentos. nos todos confianclo en nr̃o sẽnor.

70 478 1497 82 et clanclole gras . ael quien es muy piadoso . entenclemos cosa por muy ne

104 526 1461 93 cesaria.q̃ segundo sua uolũtad d̾eł rey̾. ⁊ dela nr̃a : fiziessemos las cosas q̃

79 582 1464 97 eran ꝯuenibles a clios . ⁊ asi enlos sacramẽtos de scã eglisia q̃ son ffechos

101 648 1449 95 enmuchas eglisias despania. en muchas maneras. et como nõ deuẽ: com

77 706 1477 102 en las otras malas costumbres. q̃ son ffechas por contraria. ⁊ por decebunẽto

66 774 1459 87 delos pͥncipes. q̃ les poclamos pouer t̾mino. ⁊ q̃ podamos poner freno de disci

75 834 1441 98 plina como en qual manera se guarde cadauno: delas cosas q̃ nõ deuem

66 910 1475 86 fazer.⁊ delos decebimiẽtos.eq̃ tema cadauno al nr̃o sennor. Pela elet

163 969 1391 87 nesta leꝵ clize como deuẽ seer ciom delos principes. et delo que ga

170 1031 1371 98 es leydos los pͥncipes equelas cosas q̃ elos ganam ceuẽ fincar nam.

81 1100 1455 77 al regno. calos reps son dichos reys. por q̃ regnam.⁊ el regno es xamado

73 1160 1474 84 regno: por el rey. eassi como los reys soncichos de regnar. assi el regno

75 1217 1450 87 es dicho: delos res. Eassi como el sacerdote es dicho de sac̾ficar : assi el rex̃

99 1275 1482 102 es dicho de reguar piadosa mientre. Mzas aquel ñ regna piadosa mient᷑:

66 1343 1484 91 quien ñ guarda misericordia. Doncas faziendo derecho el rex̾: deue a

68 1414 1479 84 uer nõbre de rey. ⁊ faziendo tuerto pierde nonbre de rey. Onde los anti

73 1465 1477 89 guos diziem tal prouerbio. res̃ seras se derecho fezieres.⁊ se ñ fezieros

99 1527 1442 95 derecho: ñ seins rey̾. Onde el rey deue auer duias u̾tudes ensi. maor mie̾t᷑

57 1591 1502 102 incitia ⁊ ũdade.mas es loado el rey por piadat : q̃ por cadauna destas.ca

66 1660 1479 98 la iusticia au̾dade consigo deso.Quel septimo conceyo de toledo.

172 1740 1378 80 ssi como nos cuidamos asa es contradicho: por el decimo ꝯcoyo.⁊ por

172 1800 1367 84 esta lex del mux glo̾so pͥncipr epor este ꝯceyo presente. alos malos fe

81 1857 1427 89 chos q̃ entẽdemos. q̃ iuam cont᷑ piedad.epor los om̃s q̃ ñ quierẽ ueuir

81 1917 1473 91 mansa miẽtre.oenpa.ca el scĩ sp̃u asi aspiro enllos corazones delos sos

64 1986 1497 90 fieles : q̃ por estas palauras. fusse tolida da qͥ adelantre toda mala copdici̾.

68 2052 1468 89 delos corazones. delos om̃s.ca asi fu stablecido en aquellos ꝯceyos : que

90 2114 1440 113 porla piadad de nĩo sennor. q̃ om̃eñ sab̾ia asmar nin sabar se quiso a
