3452 4852
1019 822 321 105 Fficcion

692 901 1343 130 Non bien formadas mis bozes serian

801 1031 1125 93 Quando robada senti mi ꝑsona

801 1103 1137 142 Ellena de furia la madre belona

801 1213 1347 137 Me tomo en su carro que dragos traỹa

805 1318 1351 105 Equando las alas non bien remetian

797 1411 1133 105 fferia los esta con duro flagello

787 1498 1200 124 Tanto que fizo fazer les tal buelo

795 1595 1278 122 Que presto me dexan adonde querian

1000 1749 564 116 Comparacion

698 1859 1332 143 Asy mesoltaron en medio dun plano

787 1970 1475 124 desque ouieron dado comigo una buelta

785 2054 1214 129 Com̃o alas uezes el aguila suelta

787 2151 1383 121 La presa que bien nol finch̃e la mano

793 2235 1198 118 Yo de tal caso mirable inhumano

784 2339 1351 124 ffalleme spantado en un grand desierto

787 2439 1284 102 Do uy multitud non numero çierto

795 2533 1181 140 En son religioso emodo profano

2181 800 943 162 No bien formadas finge el autor q̃

2302 893 830 105 hauiendo rogada fortuna que li

2314 966 814 109 mostrasse la casa do anda su ru

2306 1027 822 109 eda fue subito rebatado y le

2310 1087 356 93 fue mostrada

2187 1137 949 146 B elona esta es deessa delas battallas

2302 1221 801 105 la qual se descriue q̃ anda en un

2294 1289 870 97 carro traydo por dragos y trahe unos

2302 1346 818 89 açottes sangrientos en la mano

2290 1407 862 109 de la qual dize lucano et cum san

2298 1467 830 97 guineo uehemẽs bellona flagello

2298 1520 866 97 esta se lee hauer ensucarro reba

2298 1589 842 93 ctadamente lleuados much̃os a

2310 1645 834 93 la guerra y por esto finge el au

2310 1710 838 93 tor q̃ lo lleuo en su carro ꝯ gran

2310 1766 846 114 furia y lo dixo en un llano açerca

2302 1827 623 146 dela casa de la fortuna

2901 363 101 178 5
