3446 4835
233 830 814 120 Epues que tufech̃o so color de

290 906 741 93 disputar con la fortuna e mara

306 975 721 88 uellyarse como no guarda ley ne

290 1035 737 125 guna destque las propiedades de

286 1095 241 117 aquella

1394 830 951 104 Disputa con la fortuna

1164 902 1423 169 Pues dame liçençia mudable fortuna

1233 1031 1427 129 Por tal que yo blasme de ti como deuo

1245 1099 1503 150 Lo que alos sabios non deue ser nueuo

1253 1192 1229 157 Inoto apersona podra ser alguna

1245 1277 1407 149 Epues que tu fech̃o asi contra puna

1247 1391 1333 121 ffas atus casos com̃o se concorden

1237 1478 1435 141 Ca todas las cosas regidas por orden

1249 1579 1386 149 Son amigables de forma mas una

1124 1805 1370 193 LA orden del cielo exemplo te sea

1497 1743 470 121 Exemplifica

1257 1938 1419 137 Guarda la much̃a costancia del norte

1260 2041 1317 132 Mira el trion que ha por de porte

1277 2123 1342 125 Ser inconstante que siempre rodea

1253 2203 1471 146 Elas siete pleyas que ⟦⟧ atlas otea

1249 2308 1459 137 Que iuntas parescẽ en muy ch̃ica sũa

1245 2409 1415 129 Siempre sesconden uenida la bruma

1241 2502 1572 169 Cada qual guarda qual quer ley que sea

330 1893 310 101 Pleyas selaman

370 1990 613 137 uulgarmẽt las

540 2097 357 127 cabrillas

346 2175 758 93 y dize q̃ atlas la otea y mira por

344 2245 755 91 que atlas fue gran astrologo epor

338 2300 782 109 ende las dich̃as pleyas se dizen filas

314 2353 810 108 de atlas y syempre se asconden la

334 2425 794 85 manãna uenida la bruma yansy

342 2485 790 129 cada una dlas soyra dich̃as guarda

330 2542 193 137 su ley

2736 1595 568 105 mas una quiere dezir

2736 1668 572 80 mas unica siempre con

2740 1724 568 89 forme y no uariable a

2736 1784 581 77 quanto la cosa es menos

2736 1837 585 92 uariable y mas unica tãto

2736 1893 589 105 mas es amiga dela orden

2732 2006 568 101 del norte norte dizen los

2728 2066 568 73 castellanos la estrella tra

2736 2115 572 101 montana la qual siẽpre

2748 2179 524 81 esta ꝯstante y firma y

2732 2224 564 108 nunca se mueue y esta

2740 2288 411 97 ley siempre guarda

2728 2361 580 108 Mira el tryon estas son

2740 2433 577 101 las syete strellas llamadas

2869 2494 452 88 el carro q̃ syempre

2861 2558 451 101 rodan al deudor

2728 2610 593 105 dela tramontana y siemp̃

2736 2675 544 97 guardan esta ley eson

2736 2735 544 125 dich̃as septen tryones
