1698 2408
96 401 395 72 De nitido muro descriue la casa

96 449 373 46 dela fortuna a enxemplo del

104 481 360 40 templo de fortuna que era en

104 505 365 52 roma el qual hauja las paredes

104 539 363 44 delclaustro traspaerente como

104 571 361 53 forme blondo enlo de roma

108 603 154 47 restaurata

108 692 367 60 Por la diafana idest traspare

111 731 354 55 rente claror delos cantos idest

116 756 88 72 pedras

610 409 813 57 En narra el numero dela casa dela fortuna

551 463 544 52 Etoda la otra vezina planura

596 515 553 53 Estaua cercada de nitido muro

584 557 554 55 Assi trasparente clariffico puro

590 595 666 75 Que marmol de paro paresçe en aluura

582 646 594 66 Tanto que el uiso dela criatura

600 699 652 52 Por la diafana claror delos cantos

608 749 584 50 Pudiera traher obgectos atãtos

592 792 628 56 Quantos celaua so si la clausura

604 836 608 54 Engaño que faze la vista veyẽdo

602 880 550 59 por medio diafano ospecular

521 921 745 72 MAs ya por q̃ en otros alguõs lugares

588 983 722 56 Mi uista bien antes que yo lo demãde

588 1017 752 74 Me faze grand cuerpo de cuerpo nõ grãde

592 1077 660 44 Quando los medios son especulares

592 1113 672 54 Dixe si formas tan much̃o dispares

592 1159 618 65 Bien non reguardo iamas sere ledo

594 1204 644 58 Si de mas çerca mirar ya nõ puedo

594 1246 720 92 Sus grandes misterios emũy singulares

1292 595 363 57 Marmor de paro en la ylla

1332 638 313 48 de paro hauja muy finos

1340 666 299 42 alabastros los quales los

1340 692 299 48 antigos much̃o obrauan

1336 726 299 38 como dize virgilio en lo e

1340 752 299 58 neydos parius lapis circũ

1344 788 141 62 dat̃ auro
