6944 4934
946 579 1172 243 estas cosas ffaziẽ por deses

937 752 1235 193 ꝑamjẽto enq̃los metia el di

946 900 1197 214 ablo ffaziendoles creer q̃ nõ

946 1060 1180 222 tã ssola mjẽnt ꝑderien los q̃

954 1212 1197 235 muriessẽ los cuerpos maz a

962 1373 1136 193 vn las almas tenjendo q̃

962 1521 1230 214 murjẽ en vno ⁊ esta era h̃e

954 1665 1181 214 gia contͣ̃ rrazõ ¶ Ca por des

913 1821 1279 230 ffaz sse el alma del spũ moue

946 1985 1242 206 dor qͣ̃nd el cuerpo q̃da de mo

954 2129 1218 214 uer sse nõ sse puede desffaz̃

983 2298 1189 210 por esso el alma q̃ es de en

954 2450 1189 185 tendimjẽto ⁊ de rrazõ ¶ Ca

979 2578 1213 176 esta a el om̃e ⁊ lo aparta ⁊

1011 2750 1078 202 q̃lo ffaz̃ sseer mas noble q̃

1003 2894 1234 185 todas las otras almas q̃ an

942 3017 1234 235 las aĩalias ⁊ las plãtias qͣ̃n

999 3198 1193 169 do en cͥar ⁊ en ssẽtir ¶Et

1011 3314 1218 209 mag̃r nõ pueda ſẜ q̃ el om̃e

1028 3466 1090 189 nõ sse duela much̃ natãl mj

1044 3589 1165 304 ente qͣ̃ndo pierde cosa cõ q̃

2098 353 341 243 Tͦ

2307 559 1107 201 ⁊ grãt debdo ogrãt amor

2295 698 1102 223 q̃ non deue por esso mostrar

2287 859 1106 205 tã grãt pesar nj̃ ffazer ta

2295 1019 1094 189 maño duelo por q̃ ffaga asi

2295 1159 1094 193 mismo daño ⁊ al muerto nõ

2303 1319 1070 206 tẽga pro ¶ Et pot ende nr̃o

2320 1476 1069 201 sseñor dios q̃riendo ssacar los

2307 1636 1099 201 om̃es deste yerrõ deffendio en

2311 1784 1086 185 la ujeia ley q̃ dio amoysen

2307 1928 1090 230 qͣ̃ndo mando q̃ nõ ffiziessen

2311 2096 1078 173 duelo por los muertos ¶ Ca

2324 2257 1082 214 parayso auja ꝑa los q̃ ffazẽ

2324 2397 1090 209 bien ⁊ jnffierno ꝑa los malos

2332 2569 1086 152 ⁊ demas com̃o aujã todos de

2328 2697 1102 209 rressuçitar eñl dia del juyçio

2303 2841 1107 209 ¶ Et q̃ estos duelos q̃los nõ

2324 2993 1090 209 ffiziessen en maña q̃las otͣ̃s

2332 3133 1053 201 gẽtes desesꝑauã ⁊ vsauã d̃lo

2348 3268 1119 231 ffaz̃ ñj sse tͣr̃aiassẽ de des

2344 3441 1082 193 ffaz̃ la noble ffigura ⁊ apa

2365 3581 1074 283 esta del om̃e q̃ el ffiziese

3550 559 1164 218 assu ymagẽ ⁊ assu ssemeiãça

3541 711 1148 218 ¶ Et depues desto qͣ̃ndo vino

3484 863 1238 218 nr̃o sseñor jhũ xͦ ⁊ tollio des

3521 1027 1156 198 te mũdo los yerr̃os ⁊ las çe

3517 1151 1189 209 guedades enq̃los om̃es viujẽ

3513 1311 1176 197 deffendo otͦssi enla nueua ley

3517 1459 1147 218 q̃ nõ ffiziessẽ duelo por los

3509 1624 1139 181 muertos ¶ Et esto ffue q̃ͣndo

3521 1772 1131 222 rressuçito al ffijõ dela vuida q̃

3504 1928 1189 214 dixo q̃ nõ llorassẽ por el ¶ Et

3509 2068 1155 234 otͦssi qͣ̃nd rressuçito al ffijõ del

3509 2228 1147 206 pͥnçep dela ssinagoga q̃ mãdo

3525 2388 1131 218 q̃ echassen dela casa enq̃ yaziã

3500 2557 1136 193 muerta todos los q̃ ffaziẽ

3500 2693 1053 213 duelo por ella ⁊ nõ la qͥso

3500 2845 1127 185 añt rressuçitar ¶ Et por

3525 2976 1082 198 esto nos dio aentẽder q̃l

3513 3112 1077 214 nõ plaz dellos ¶ Ca nõ sse

3500 3260 1062 185 aꝓdechan dellos las almas

3500 3412 1210 202 delos muertos añt los enlar

3492 3564 1172 292 gaua mas los bienes q̃ ffa

4841 592 1259 201 zẽr por ellos les tiẽr pro ¶Et

4837 744 1181 234 depues los sscõs padres q̃ or

4825 896 1168 189 donarõ much̃s bienes en scã

4833 1023 1123 226 egl̃ia estableçierõ otͦssi q̃ nõ

4821 1192 1143 185 ffiziessen duelo por ellos ⁊

4817 1356 1156 235 uedarõ lo muy affincada mjẽ

4813 1525 1131 193 te por q̃ ujnjã ende muy.

4821 1673 1180 201 grant daño ssui pro ¶Et por

4817 1809 1127 234 esso dixo el apostol ssãt pau

4817 1973 1131 230 lo q̃ nõ sse entͥsteçiessẽ por

4804 2117 1136 234 los q̃ ffinauã com̃o ffazien

4804 2290 1247 189 por las otͣ̃s gẽtes q̃ nõ aujẽ

4800 2438 1140 230 creẽçia nj̃ esꝑança de ressuçi

4788 2602 1193 193 tar ¶Ca los q̃ muerẽ nõ sse

4800 2750 1136 226 pierden ssegut la ffe cato

4784 2915 1139 209 lica mas sson tales com̃o los

4776 3067 1151 172 q̃ passan de un lugar aotͦ

4800 3194 1127 214 ⁊ los q̃ ffazẽ biẽ uã aparay

4808 3334 1115 206 so ⁊ todos los otͦs uã apena

4759 3486 1131 317 de purgatorio ode jnffierno

4915 308 457 230 .cxviiij

5660 382 555 185 Quarto

6137 571 366 218 109
