6928 4934
892 629 1234 218 com̃o cosa q̃ es comunal enq̃

888 781 1210 209 en much̃s parte ¶ Et por en

896 933 1218 193 de noste lugar sse entiẽ

905 1073 1275 218 de ssenalãda mieñt q̃ el cuer

876 1233 1181 210 po de nr̃o sseñor ih̃u xͦ del

888 1397 1185 222 qͣ̃I todos los xͥanos sõ para

921 1558 1214 210 çioñeros deuẽ lo rresçebir en

925 1689 1222 239 todas gͥsis ¶Ca asi com̃o por

937 1874 1177 177 la comuniõ gana dios comu

937 2006 1185 214 nal mieñt los om̃es cada uno

942 2154 1180 230 en part̃ ssegũt la uolũtat ⁊

946 2314 1205 239 los cuerpos ¶ Otͦssi los gana to

954 2483 1156 201 dos en uns por ceͤnçia ssegũt

946 2643 1152 161 el entẽdimiẽto ⁊ la rrazõ de

970 2746 1115 255 las obras ¶Ca nõ puede el

966 2931 1144 218 xͥano rresçebir el corpꝯ dñi q̃

966 3087 1107 218 nõ rresçiba cõ el la ffuerça

983 3223 1193 214 ⁊ la uͥtud dela tͥnidat ¶Cabẽ

999 3388 1127 197 assi com̃o ella es deꝑtida en

999 3527 1185 214 nõbre de tres ꝑssonas ⁊ ayũ

1012 3647 1193 267 ta en sseer una assi el q̃ a

2019 283 231 284 Tͦ

2238 604 1127 181 enll̃a ꝑte nõ puede sseer q̃

2209 748 1148 181 la nõ aya en todo ¶ Et asse

2213 900 1164 189 meiãça desto gana otͦssi dios

2221 1036 1164 181 al om̃e cuerpo ⁊ alma ⁊ enla

2225 1175 1156 214 obra q̃ ssal destas dos ¶ Et por

2221 1340 1152 189 ende este ssac̃ͣmento ayũta

2238 1492 1143 185 al om̃e cõ dios por ũdadero

2246 1665 1143 181 amor ¶Onde por estãs rra

2213 1809 1172 189 zones q̃ auemos dichas enq̃

2258 1940 1148 148 an comunaleza dios ⁊ õe

2270 2072 1132 226 es dich̃a comuniõ ¶ Ca por e

2266 2224 1148 222 lla ssõ los om̃es goũnados tẽ

2279 2380 1110 235 poral mient del pan spũal q̃

2266 2553 1148 205 es comer del cuerpo ꝑa gͣ̃rdar

2287 2713 1123 144 Io del mal ⁊ dela alma ꝑa

2312 2832 1102 218 ssaluar la ley ciiͣ q̃ cosa

2287 2997 1086 181 es ensi la comuniom

2571 3096 851 201 oble cosa es ⁊ p̃çiada la

2575 3272 847 198 comuniõ entͤ todas las

2320 3420 1115 235 otras q̃ sson enl̃ mũdo ⁊ es

2328 3581 1123 296 enssi sagrada por ssantidat

3505 571 1197 230 com̃o enll̃a es el cuerpo de nr̃o

3521 744 1119 218 señor ih̃u xͦ por q̃ es la

3513 888 1176 201 uada dela. ssangre ⁊ del azͣ̃

3513 1040 1176 218 q̃ sallio del ssu costado ¶Et es

3505 1212 1168 181 otͦssi acabada ⁊ cõplida por q̃

3496 1352 1181 189 enella sse cũplio toda la sscã

3505 1496 1242 202 tͥnidat ¶Ca biẽ assi com̃o por

3513 1640 1160 197 las palabras q̃ dixo el angel

3513 1800 1148 206 asscã mͭ ffue ayũtado enll̃a

3513 1965 1209 189 el poder del padre ⁊ el ssaber

3513 2142 1156 213 del ffiio ⁊ la gr̃a del spũ sscõ

3492 2310 1235 206 ¶Assi por las palabras q̃ diz

3513 2471 1160 185 el ssaçerdote q̃ dixo nr̃o sse

3525 2615 1144 172 ñot ih̃u xͦ sse ayũtã la uͥ

3525 2779 1127 181 tud dela tͥnidat q̃ ffaz del

3521 2919 1119 218 pan carne ⁊ del uino ssangͤ

3533 3067 1082 205 ⁊ es ih̃u xͦ cõplido en cuerpo

3529 3244 1078 185 ⁊ en alma ssin m̃eguamiẽto

3513 3388 1127 222 dela deydat nĩ ssin cab̃iamiẽ

3517 3552 1115 271 to dela humanidat ⁊ ssin ffa

4447 283 415 239 .iiiiͦ.

4784 550 1247 235 llesçimiẽto del spũ sscõ ¶ Et des

4788 735 1214 186 ta gͥsa sson todos ayũtados.

4780 884 1222 205 en uno cõplida mieñt ffincã

4780 1048 1251 193 do cada uno entero enssi mis

4784 1184 1238 185 mo de maña q̃ nõ mẽgue

4784 1340 1222 201 el uno por el otͦ nĩ sse depar

4796 1492 1226 222 tẽ nĩ sse desffazẽ. Et pot

4792 1652 1247 206 ende com̃o qͥer q̃ aestos qi

4801 1800 1283 194 llamã ꝑssonas cada uno por

4805 1977 1230 189 ssi es un dios por ayũtami

4796 2101 1202 201 ẽto ¶Et desto pusierõ los

4825 2286 1234 213 sscõs ssemeiãça al ssol enq̃ a

4805 2454 1279 214 tres cosas ffigura ⁊ lumbre

4805 2590 1197 197 ⁊ escalentamiẽto ¶Et mag̃r

4801 2771 1193 185 q̃ cada una dellas ffaz ssu

4801 2923 1250 168 obra todo es un cuerpo ⁊ un

4784 3034 1259 214 ffech̃ ⁊ una uͥtud ¶Ot̃ tal

4817 3198 1255 222 ssemeiãça dierõ dela candela

4801 3379 1230 210 enq̃ a çera ⁊ pauilo ⁊ lũbre

4801 3544 1230 325 ¶Et qͥ en biẽ parar miẽtes

4932 361 346 161 .cxxii.

6154 464 284 214 108
